2908 4576
361 307 395 395 1²
431 303 473 392 R
510 303 586 394 AB
620 303 792 394 F'A'l'
820 309 955 400 1,0.”
1003 371 1009 376 -
1087 313 1253 414 ntus,v

136 475 329 577 vidimus,
348 474 412 586 Sp.
436 469 602 583 cuffiam
620 465 751 554 diserte
767 469 942 588 exhibet)
968 473 1045 564 hoc
1061 482 1168 586 enim

138 615 227 680 non
245 588 358 671 aliam
378 584 433 668 ob
451 579 612 666 mulsam
632 577 799 684 factum,
819 609 930 690 quam
948 590 1053 695 quod
1074 592 1170 698 nihil

140 695 392 790 memorabile
420 688 619 806 gesserint,
644 713 710 776 aut
738 694 789 778 ab
810 693 1045 805 ausloribua,
1071 731 1171 814 quos

139 814 321 924 sequutus
340 803 415 908 est,
440 799 527 920 ipsiu
547 803 669 890 omissi
682 801 848 908 fuerint,
862 805 966 890 unde
982 835 1172 902 nonnum.

141 952 261 1038 quam
288 921 386 1031 ipsoa
405 918 586 1005 Consules
608 913 756 1004 filontio
790 919 1085 1028 praetermittit,
1109 931 1174 1034 qui
1307 1010 1315 1022 ⁸

140 1061 276 1124 tamen
303 1059 353 1118 ex
374 1032 455 1118 aliis
471 1029 515 1122 da
531 1029 650 1118 Fastis
666 1033 762 1116 noti.
785 1029 1117 1142 quemadmodum
1134 1039 1176 1124 in

143 1146 409 1236 Didlatoribus
424 1140 685 1252 recensendis,
714 1169 813 1250 quoa
832 1169 974 1231 omnes
992 1145 1034 1228 in
1056 1173 1177 1236 unum

144 1260 320 1374 conlegi,
345 1255 388 1342 de
411 1253 582 1370 snguine
602 1281 692 1342 cum
708 1252 867 1368 lingulis
887 1260 958 1344 suis
977 1257 1175 1370 Magistriu

144 1376 313 1483 equitum
341 1372 383 1454 in
412 1371 476 1456 sua
506 1389 681 1476 tempora
708 1366 875 1483 digeffi,
909 1371 981 1458 hos
1007 1397 1031 1457 a
1059 1373 1174 1459 Livio

144 1481 295 1571 omillou
315 1481 489 1592 equitum
509 1479 719 1592 Magistros
736 1481 891 1568 aliunde
910 1485 1004 1569 erui.
1043 1488 1173 1574 Semel

140 1619 270 1688 omen
287 1593 451 1697 accidit,
479 1614 522 1680 ot
548 1593 727 1680 Dillator
747 1593 975 1710 Magistrum
997 1601 1172 1708 equitum

139 1737 226 1798 nou
258 1707 455 1810 hebuerit,
481 1731 621 1813 nempe
649 1706 805 1810 Buteo,
832 1731 944 1817 quem
959 1709 1090 1817 ,quia
1116 1712 1171 1797 ob

142 1815 363 1905 inusitatam
377 1815 540 1912 caussam
558 1837 705 1904 creatus
721 1825 995 1921 eramseuatus
1011 1828 1171 1930 explen-

143 1930 185 2016 di
205 1932 354 2044 gratia,
381 1927 424 2011 da
443 1935 531 2038 quia
548 1935 642 2012 alter
663 1929 844 2016 Didiator
862 1933 902 2014 in
924 1932 1025 2018 bello
1042 1937 1173 2020 absena

143 2043 252 2134 suum
289 2039 451 2128 habebat
482 2037 710 2236 Magistrum
750 2040 920 2148 equitum
963 2064 1076 2152 atque
1118 2049 1171 2134 ita

142 2150 359 2242 inauditum
389 2151 480 2262 quid
496 2212 511 2257 ,
578 2177 648 2238 uos
679 2151 789 2238 simul
817 2150 1037 2242 Didiatores
1066 2155 1173 2262 elle,

141 2263 319 2384 Magistri
352 2266 523 2376 equitum
564 2291 647 2350 non
684 2263 861 2380 indigere
898 2268 1167 2378 opinabantur.

140 2381 263 2488 Quod
284 2375 575 2486 quodammodo
597 2403 755 2483 uerum,
783 2379 849 2462 etsr
875 2381 910 2465 se
938 2382 1013 2492 ipse
1033 2383 1169 2470 Diea-

140 2511 266 2578 torem
286 2489 363 2577 fine
381 2517 529 2576 eonon
547 2490 749 2600 prohivit,
767 2489 810 2575 δι
824 2489 946 2576 statim
966 2495 1166 2584 abdicavit.

141 2602 221 2693 Sed
238 2602 385 2686 Caesari
414 2601 488 2686 hoc
518 2598 642 2686 forsan
665 2605 888 2714 exemplum
906 2607 1063 2712 sequuto
1094 2613 1170 2698 aliu

143 2711 332 2822 quaedam
360 2714 513 2796 evenire
536 2713 766 2822 potuissent,
793 2712 844 2800 ad
873 2739 971 2824 quae
998 2721 1171 2831 gerenda

141 2821 322 2938 Magistri
346 2822 514 2932 equitum
533 2849 651 2930 opera
670 2824 842 2936 indigere
861 2851 945 2912 non
968 2851 1170 2937 potuerata

139 2957 247 3028 cette
277 2937 317 3043 in
345 2933 482 3020 ceteris
509 2931 753 3039 Dictaeum,
780 2961 1008 3046 quamquam
1037 2945 1172 3030 omnia

139 3048 320 3141 aduersus
339 3048 445 3161 legea
463 3043 588 3148 faeta,
619 3046 829 3160 Magistros
850 3069 979 3136 tamen
998 3055 1172 3164 equitum

135 3161 208 3252 fibi
230 3161 306 3272 ipse
324 3159 435 3246 dixit.
471 3161 567 3265 Quo
593 3179 722 3248 autem
743 3158 889 3265 modo,
908 3183 1015 3250 aura
1035 3167 1172 3275 quibus

135 3275 322 3384 deinceps
346 3269 472 3358 didlue
500 3267 572 3375 fit,
599 3297 787 3384 numam
814 3275 936 3389 leg03
964 3269 1034 3362 nisu
1064 3279 1170 3390 quod
1361 3289 1367 3298 '

134 3409 249 3478 extra
269 3388 413 3472 ltaliam
429 3383 634 3474 secundum
653 3387 831 3473 Dictator
855 3389 983 3475 didius
1009 3385 1055 3475 fit
1073 3419 1168 3480 eon.

134 3525 198 3592 tra
216 3503 365 3616 legem,
379 3495 493 3608 idque
511 3499 551 3582 in
571 3515 717 3585 annum
729 3503 844 3586 etiam
862 3519 1000 3589 contra
1016 3507 1166 3620 legem,
1307 3499 1312 3511 ’

133 3613 244 3700 uode
272 3619 455 3726 Augurea
479 3609 580 3698 lunc
610 3611 853 3699 Dielaturam
883 3615 966 3699 vitii
1004 3643 1166 3734 arguero

135 3725 275 3825 vetiti,
302 3722 470 3812 Antonii
490 3721 757 3838 Magisteriom
782 3728 881 3814 ultra
903 3745 1054 3838 tempus
1072 3759 1165 3847 pro.

136 3853 320 3946 rogatum
338 3835 582 3941 mensalem,
607 3835 670 3925 sed
688 3841 784 3927 nihil
802 3837 906 3927 aliud
920 3837 1166 3958 officiebant,¹

132 3973 261 4072 quam
277 3963 321 4078 tlt
336 3949 458 4064 multu
476 3949 550 4075 risu
574 3951 850 4187 “sellim
878 3949 929 4072 fle
955 3957 999 4052 iu
1023 3955 1167 4088 decen.

146 4101 153 4112 '
775 4095 803 4190 '3
1058 4096 1169 4187 uun
