2918 4590
466 190 1091 294 nanrcnuronns

476 379 1134 561 An'uncaonanf

367 625 1191 818 rnannarro

268 821 867 1026 crrnrsrorrrorrr
910 827 1294 1024 cuntanr'r

265 1134 420 1408 Non¹
439 1155 563 1210 omnes
591 1105 748 1206 idem'de
765 1100 985 1228 historiarum
1003 1132 1225 1232 'compendiis
1239 1127 1302 1235 ju}

279 1363 291 1408 l

391 1235 521 1308 dicant.
547 1234 654 1318 Sunt,
682 1231 740 1328 qui
758 1227 959 1330 Jussinum,
983 1236 1141 1324 Florum,
1168 1237 1294 1330 Xiphi·

296 1359 375 1406 num
398 1328 659 1424 reprehendunt
676 1327 809 1424 „quod
833 1329 969 1405 illorum
991 1355 1098 1426 opera
1121 1335 1297 1431 intempe-
1327 1339 1334 1354 '

265 1432 357 1507 stiva
375 1428 503 1506 facium
519 1425 579 1510 stt,
594 1443 631 1501 ut
648 1429 838 1500 uberrimas
855 1427 932 1500 Tro
960 1431 971 1502 i
988 1433 1302 1528 Pompeji,Livii„

265 1527 394 1604 Dionis
411 1524 515 1601 Cassii·
529 1523 705 1610 historiar,
729 1525 870 1620 ingenti
884 1451 1128 1604 retinendae
1144 1529 1295 1621 dunno,
1317 1619 1320 1626 Ι

265 1625 324 1698 vei
343 1623 599 1719 perdiderimus
614 1645 761 1716 omnen„
782 1621 838 1696 vel
855 1621 1056 1720 decurtatos
1071 1648 1175 1723 atque
1191 1627 1316 1725 iring-›-

265 1725 360 1800 niter
375 1723 548 1801 mutilatas
564 1721 765 1802 habeamus.
792 1720 1003 1798 Aliiconrra
1019 1726 1204 1824 benignius
1221 1730 1298 1820 senff

260 1825 359 1897 ¹tium
376 1821 420 1896 de
430 1817 632 1912 supradidiir
644 1819 935 1915 compendiorum
948 1819 1186 1918 scriptoribus.
1205 1826 1295 1902 Non

265 1920 361 1999 enim
377 1920 539 1994 omnibus
554 1920 609 1990 vel
626 1919 835 2012 ingenium,
856 1919 912 1999 vel
928 1919 1040 1997 otium
1056 1922 1230 2020 suppetit,
1256 1945 1300 1999 ut

261 2019 406 2114 longam
425 2015 642 2111 historiarum
667 2019 787 2098 seriem
812 2039 1033 2116 percurrant,
1060 2019 1297 2118 &siquando

263 2117 524 2214 percurrerint,
549 2114 684 2188 iliarum
700 2115 859 2208 ordinem
875 2115 1065 2193 memoriae
1081 2118 1227 2195 infinum
1240 2119 1295 2194 se·

264 2217 382 2289 liciter
401 2217 602 2297 retineant,
616 2232 708 2296 ,cum
728 2213 783 2286 vel
802 2213 926 2288 aetatis
943 2213 1167 2289 imbecillitas
1183 2217 1296 2310 impe·

218 2335 221 2348 ·
266 2312 425 2386 dimento
445 2307 505 2395 srt,
531 2307 591 2380 vel
615 2307 696 2381 aliis.
709 2307 931 2404 negotiorum
947 2311 1138 2386 multitudo
1158 2313 1271 2388 obstet
1279 2369 1301 2408 2

267 2408 471 2501 quominus
488 2422 547 2490 aut
565 2402 718 2478 sufficere
734 2406 871 2492 iiii‚aut
885 2407 921 2478 hi
933 2431 1060 2483 vacare
1075 2411 1202 2505 poffint
1219 2439 1293 2488 ma·

267 2527 360 2601 gnae
388 2503 489 2578 molis
518 2503 758 2592 voluminibus
781 2503 1026 2580 historicorum
1052 2511 1292 2608 perlegendis.

267 2607 365 2680 Bene
386 2625 465 2679 curn
485 2603 537 2676 his
557 2601 613 2696 api
630 2599 791 2688 videtur,
817 2597 840 2674 fi
860 2602 1029 2696 habeant,
1055 2608 1180 2704 quibus
1197 2611 1295 2684 duci·

269 2705 356 2791 bus,
381 2699 419 2776 dc
435 2700 535 2773 brevi
558 2718 717 2795 ternpore
736 2697 900 2796 &parvo
920 2703 1061 2796 labore,
1087 2707 1213 2802 poffint
1239 2733 1296 2784 res

268 2825 413 2896 magnas
433 2801 627 2890 multasque
643 2800 879 2895 cognoscere,
902 2801 1047 2897 illasque
1064 2805 1122 2882 vel
1144 2807 1239 2882 vitae
1254 2805 1296 2880 dc

268 2900 426 2972 moribus
443 2899 507 2970 suis
523 2898 579 2968 vel
597 2899 698 2970 rebus
714 2897 878 2992 gerendis
895 2901 1081 2994 applicare.
1130 2905 1218 2980 Non
1242 2904 1295 2978 fa'·

270 2999 337 3096 cile
354 2995 581 3078 crediderim,
598 2995 654 3068 vel
671 2995 827 3088 Justino,
842 2997 898 3070 vel
916 2995 1119 3092 Xiphilino,
1143 3005 1200 3077 vel
1215 3003 1295 3077 Flo·

268 3119 310 3168 ro
330 3099 438 3168 etiam
459 3089 672 3188 propositum
688 3089 807 3182 tuisse,
833 3111 871 3186 ut
886 3097 1026 3192 majoris
1043 3097 1232 3174 industriae
1246 3102 1293 3176 la·

269 3197 374 3272 bores
395 3193 640 3278 obscurarent,
669 3209 750 3274 aut,
776 3215 844 3288 quo
864 3195 1017 3288 neglecti
1041 3195 1297 3292 perderentur,

269 3291 449 3365 consilium
466 3311 618 3384 unquam
632 3285 788 3384 agitatre.
834 3290 874 3363 Id
889 3293 1008 3384 potius
1023 3293 1058 3368 in
1074 3295 1194 3370 animo
1210 3294 1296 3371 fuis·

271 3389 306 3461 se
322 3391 481 3478 videtur,
506 3407 544 3457 ut
562 3383 707 3480 hiripsrs
723 3389 944 3482 compendiis
958 3391 1001 3464 ad
1019 3393 1174 3488 integras
1188 3391 1295 3469 histo·

270 3486 337 3561 rias
353 3483 583 3580 perlegendas
598 3483 832 3573 adducerent,
848 3505 908 3559 aut
922 3486 1041 3564 saltem
1056 3489 1119 3579 iis,
1134 3515 1219 3588 quos
1235 3493 1294 3570 vel

270 3585 384 3657 otium
403 3583 460 3654 ve}
478 3581 658 3678 ingenium
678 3579 843 3674 deficiat,
868 3589 1098 3684 qualicunque
1118 3589 1299 3666 brevitate

271 3679 469 3754 consultum
493 3697 585 3754 eant.
637 3679 706 3752 Sed
723 3683 806 3754 nolo
829 3683 965 3756 illorum
988 3687 1224 3780 patrocinium
1244 3689 1297 3762 su·

271 3777 427 3870 stipere,
452 3777 510 3870 qui
531 3779 574 3850 ad
595 3777 702 3851 nostri
719 3779 880 3875 Eutropii
895 3781 1091 3858 institutum
1106 3788 1298 3863 rationem·

267 3880 340 3980 'que
354 3872 441 3953 nihil
455 3881 647 3974 pertinent.
669 3876 775 3960 Licet
791 3881 887 3958 enirn
903 3879 1295 3986 SuidarCapitouirLy·

1245 3985 1299 4074 cii
