2918 4590
187 329 191 337 =
370 269 936 364 PRAEFATIO.
1067 295 1193 370 xxix

156 439 360 538 ‘Fabricius
390 444 430 526 in
461 443 561 528 Bibl.
578 439 663 527 Lat.
719 443 866 530 Italum
893 457 1008 534 vocat
1031 445 1193 556 Suidar,

168 558 233 646 sed
256 559 312 642 uti
331 579 477 640 nomen
501 559 694 640 Graecum
719 553 884 661 iudicat,
909 561 960 644 ita
979 559 1054 645 hoc
1074 561 1196 648 verbo

170 697 260 758 eum
279 669 422 754 Latine
438 661 609 774 scriplilse
625 664 781 752 Suidam
802 667 958 754 inuuere
974 675 1070 758 velle
1092 671 1194 760 resse

168 782 326 886 conjicit
346 777 447 867 idem
469 779 518 860 V.
542 779 601 864 Cl.
642 781 741 864 Eum
761 779 1018 866 Constantino
1037 787 1086 868 ab
1103 788 1194 896 Epi·
1328 797 1330 804 ’

169 897 273 984 stolia
290 889 418 998 fuisse,
450 891 555 1002 quod
579 891 754 978 Codinus
781 891 824 976 in
849 892 986 980 select.
1015 892 1062 978 de
1081 899 1195 1009 Orig.

171 1005 465 1116 Constantinop.
479 1003 618 1109 tradit,
646 1004 815 1092 illumin
837 1004 951 1090 rebus
964 1005 1197 1116 illiuelmpe.

169 1121 328 1220 tatoris,
342 1145 448 1228 ·quar
464 1118 586 1204 oculis
606 1119 677 1206 suis
701 1115 829 1204 vidisse
852 1117 930 1220 ait,
959 1115 1091 1222 testem
1121 1124 1198 1208 lau·

168 1233 289 1334 dane,
318 1229 345 1326 ll
373 1259 503 1324 verum
527 1231 603 1334 est,
634 1233 880 1344 sexagenario
908 1239 1030 1338 major
1058 1231 1198 1338 suerit,

167 1343 313 1434 necesse
341 1344 420 1447 eli,
448 1371 566 1452 quum
598 1371 696 1454 opua
722 1353 828 1432 suum
855 1347 1059 1456 scripserit,
1087 1372 1197 1434 anno

168 1461 316 1548 circiter
326 1459 418 1566 Chr.
428 1481 638 1544 cccuxvrr.
658 1459 1042 1563 qroalentinianur
1062 1457 1105 1544 st
1117 1461 1198 1546 Va·

165 1578 251 1662 lene
270 1569 320 1656 ad
341 1574 541 1678 imperium
570 1568 815 1675 adcesserint,
842 1573 903 1657 vel
928 1573 1059 1682 paullo
1085 1571 1196 1682 post,

127 1777 135 1800 Ι
168 1688 302 1794 quiaa
330 1683 496 1772 Valente
527 1691 603 1787 iam
630 1685 802 1773 Orientis
828 1683 975 1796 imperii
986 1687 1126 1794 Jpotito
1151 1689 1196 1772 il·

169 1797 240 1884 lud
273 1797 427 1880 demum
455 1797 611 1882 scribere
649 1793 761 1902 jussor
793 1793 862 1880 est.
926 1797 1009 1884 Sub
1038 1801 1195 1914 Juliano

170 1935 261 1996 eum
288 1906 461 1992 militasse
494 1909 663 2014 plerique
698 1907 899 2004 statuunt,
935 1911 1025 2013 qula
1058 1913 1094 1996 se
1125 1937 1194 1996 mr-

174 2017 365 2130 peditioni
391 2026 470 2123 ejus
497 2017 539 2100 in
561 2017 736 2117 Persas,
770 2017 974 2104 interfuisse
1011 2019 1098 2121 ait,
1134 2049 1197 2108 ve·

173 2161 260 2218 rum
293 2151 361 2234 aut
386 2127 523 2216 eodem
555 2151 621 2214 aut
640 2128 748 2214 simili
769 2153 948 2233 munere,
984 2155 1064 2238 quo
1089 2133 1197 2228 apud

172 2242 504 2347 Constantinum,
546 2239 659 2352 fungi
683 2242 831 2348 potuit,
859 2239 1198 2350 ‚quemadmodum

167 2361 210 2442 in
243 2359 361 2442 Curia
389 2355 566 2442 Valentis
594 2353 732 2468 degisse
751 2357 873 2468 vulgo
891 2353 1080 2464 ereditur,
1107 2385 1195 2448 nou

170 2469 352 2555 militasse.
410 2467 836 2554 &mammillarum
870 2467 1196 2582 intemperiem

169 2593 245 2690 jam
266 2581 589 2691 floruerit,liquet
608 2578 744 2667 frustra
761 2577 860 2682 esse,
873 2583 937 2692 qui
950 2609 1044 2668 *eum
1057 2587 1196 2696 Augu·

170 2694 259 2778 siini
296 2691 516 2798 discipulum
551 2692 730 2795 iaciant,
767 2695 875 2780 illum
913 2692 1197 2783 confundentes

170 2833 261 2893 cum
282 2804 512 2915 Presbytero
528 2802 697 2910 ejusdem
725 2805 893 2890 nominis
922 2805 966 2892 dr
987 2805 1197 2920 Augustini

169 2919 378 3028 discipulo,
406 2923 513 3021 cuiue
533 2913 637 3026 apud
647 2913 893 3002 Gennadium
915 2918 1063 3004 mentio
1082 2915 1195 3006 faeta

167 3029 498 3142 quemadmodum
519 3057 568 3117 eo
597 3030 866 3138 seculoplurea
885 3025 993 3120 suere
1019 3031 1198 3139 Eutropii

171 3143 348 3232 aNostro
369 3139 529 3250 diversi,
555 3169 656 3254 quoe
671 3167 809 3228 omnen
829 3145 1017 3230 renensere
1033 3146 1198 3256 longum

170 3257 281 3344 soret.
347 3251 730 3364 Christianum-fuisse
748 3251 1062 3358 creduntmulti,
1091 3255 1198 3367 quod

176 3365 376 3475 Julianum
414 3369 658 3478 Christianae
689 3370 898 3482 Religionis
932 3365 1198 3472 insidiatorem

173 3505 311 3587 uocat,
337 3511 424 3568 tum
450 3501 581 3570 tamen
612 3480 714 3568 idem
739 3483 781 3570 iu
800 3481 939 3570 eudem
961 3487 1196 3594 Imperatore

174 3595 361 3703 -rituperat
379 3595 642 3699 Tlremiliiur‚
669 3621 783 3704 quem
804 3596 1059 3684 Christianum
1077 3625 1196 3684 nemo

93 3703 97 3711 “
178 3699 295 3808 diret,
324 3726 587 3818 praeterquam
607 3707 712 3818 quod
729 3731 811 3794 tum
832 3712 923 3796 aliar
938 3709 981 3794 st
1000 3713 1195 3826 graviores

178 3819 479 3921 praecedentium
507 3826 784 3928 Imperatorum
805 3825 1029 3911 vexationen
1048 3852 1130 3911 nou
1154 3853 1198 3908 o·

178 3927 343 4038 misisset,
363 3959 455 4048 quae
468 3931 633 4026 Orosius
645 3937 760 4026 illum
771 3938 863 4027 aliar
882 3937 1093 4048 describens
1114 3963 1197 4129 unp?

502 4114 507 4123 ,
1101 4073 1128 4132 ⁰
1185 4097 1199 4114 ·
