2908 4576
475 219 1104 319 DEDIC'ATIONES

265 405 330 470 nus
354 388 553 478 breuiario,¹
578 387 696 463 omnia
721 385 761 462 dt
788 387 926 464 facilius
951 387 1223 487 percipiuntur,
1257 381 1301 468 ἀ

264 495 413 568 haerent
438 489 474 562 in
498 493 616 563 animo
640 485 802 576 firmius,
826 486 987 585 adeoque
1009 487 1047 562 in
1067 490 1180 563 oculis
1203 513 1298 586 pene

264 591 303 668 dt
323 586 512 684 conspectu
532 587 726 660 versantun
774 588 896 683 ltaque
922 605 1043 758 oqlem
1066 587 1232 684 equidem
1256 615 1296 665 e·
1412 649 1415 659 ,

260 689 415 786 jusmodi
443 684 578 764 exstare
602 683 854 780 compendium
880 684 917 760 in
974 670 1091 759 istoria
1112 685 1294 766 universa:

264 790 366 885 quale
396 782 564 860 habienus
593 781 809 874 adornavit,
842 781 938 881 quod
965 782 1130 881 equidem
1162 785 1292 878 sciam,

264 909 382 960 nemo.
434 883 612 986 Quaeres
636 879 741 971 lecit,
765 901 805 954 ut
822 907 911 978 ego,
935 883 1037 957 vobis
1061 886 1294 980 rogantibus,

264 985 439 1080 valdeque
455 982 697 1075 cupientibus,
721 980 845 1057 amicis
863 983 953 1056 item
975 981 1084 1072 meis,
1109 984 1196 1055 viris
1217 1007 1294 1057 eru·

265 1081 467 1168 ditiffinris,
496 1101 713 1177 magnopere
741 1080 990 1168 hortantibus,
1021 1102 1150 1153 annum
1179 1080 1293 1176 ipsum

262 1181 338 1276 jam
360 1180 434 1278 ejus
458 1179 598 1275 generis
627 1173 832 1274 opusculum
854 1177 991 1252 moliar.
1041 1177 1188 1250 Utinam
1211 1177 1294 1254 satis

265 1297 453 1367 accurate,
478 1276 559 1352 satis
577 1273 751 1351 feliciter!
776 1275 965 1352 Laboriole
985 1275 1130 1371 quidem
1147 1274 1229 1351 satis
1251 1279 1293 1352 il·

264 1377 299 1450 la
317 1377 403 1452 mihi
422 1378 492 1451 tela
507 1371 837 1449 hadienustexitur:
863 1397 978 1472 neque
992 1371 1064 1447 srne
1079 1373 1268 1450 multorum
1277 1422 1294 1470 ,

263 1475 416 1550 fidenter
435 1472 539 1564 dico,
564 1471 701 1564 sruttu,
724 1471 956 1569 sr'pettexere
979 1471 1107 1561 detu13
1132 1473 1225 1571 quod
1253 1475 1293 1552 in

264 1597 372 1668 manu
391 1573 442 1648 est
458 1572 553 1666 ejus,
579 1571 679 1644 cu‘us
698 1587 785 1645 nutu
804 1589 973 1668 reguntur
989 1592 1033 1645 ac
1048 1569 1138 1645 stant
1150 1573 1294 1646 univer·

265 1671 321 1760 sa,
345 1673 406 1769 qui
427 1690 544 1746 tarnen
566 1597 732 1743 hedenus
749 1668 853 1744 rectis
875 1670 1060 1744 conatibus
1087 1689 1159 1743 non
1180 1668 1292 1745 deest.

266 1771 311 1844 In
327 1793 399 1866 quo
419 1771 494 1866 ipso
515 1769 704 1863 opusculo,
729 1792 809 1842 cum
828 1768 871 1841 ad
886 1769 1063 1864 pleniores
1086 1767 1167 1842 illos
1186 1766 1293 1844 histo·

264 1871 398 1944 riarum
427 1867 658 1956 conditores,
690 1867 727 1940 in
748 1890 788 1942 re
808 1867 999 1958 Romana,
1029 1884 1105 1940 tum
1131 1889 1220 1941 vero
1246 1868 1293 1943 ad

265 1965 361 2042 bunc
388 1990 527 2066 quoque
549 1968 695 2040 brevem
722 1964 884 2059 ejusdem
909 1961 1075 2039 historiae
1104 1966 1293 2041 concinna-

265 2088 404 2156 torem,
431 2067 535 2160 saepe
550 2064 639 2138 mihi
653 2065 856 2137 remittendi
874 2061 964 2138 estis.
1018 2059 1135 2164 Quem
1156 2087 1203 2138 ne
1217 2065 1294 2138 diu·

219 2237 222 2240 ,
264 2166 335 2238 tius
354 2161 575 2252 desideretis,
601 2181 646 2233 en
676 2184 769 2236 nunc
794 2164 930 2258 capite,
956 2161 1085 2274 legite,
1111 2161 1149 2234 in
1170 2161 1295 2258 pectus

265 2260 466 2350 demittite,
491 2282 571 2333 cum
592 2257 726 2354 reliqua
745 2259 928 2351 historiae,
951 2261 1117 2346 virtutis,
1142 2261 1295 2356 pruden-

266 2362 367 2448 tiae,
392 2355 600 2434 eruditionis
623 2357 743 2431 variae
770 2358 934 2455 magistra
955 2355 1207 2454 expeditiffima
1230 2382 1294 2455 pa·

265 2457 354 2532 riter
367 2451 413 2528 ala
431 2451 642 2530 suaviffima:
670 2479 775 2554 quarn
798 2481 903 2532 nemo
918 2479 1069 2554 unquam
1085 2456 1183 2534 sanus
1198 2455 1293 2553 spre·

205 2576 212 2590 ¹
267 2556 341 2643 vit,
367 2577 472 2628 nemo
491 2553 642 2650 spernet.
693 2555 771 2629 Vos
787 2555 948 2652 quidem,
976 2555 1214 2630 adolescentes
1236 2578 1293 2629 or·

266 2651 461 2744 natifflmi,
495 2655 555 2751 qui
581 2655 673 2752 reip.
701 2654 928 2745 educamini,
961 2655 1107 2730 minime
1135 2655 1294 2730 omnium

187 2753 189 2757 ’
266 2753 470 2838 debebitis,
502 2773 618 2848 neque
642 2752 789 2828 voletis:
816 2776 896 2828 cum
924 2751 1076 2826 vestrum
1099 2752 1135 2825 in
1158 2754 1296 2848 optima

266 2850 381 2928 studia
402 2848 569 2926 affedium
585 2851 705 2924 videre
724 2851 811 2924 mihi
831 2849 977 2940 videor;
1001 2873 1106 2947 quem
1121 2871 1293 2946 perpetuo

263 2948 543 3032 conservabitis,
570 2972 701 3046 magno
719 2947 862 3041 vestro,
877 2950 1001 3047 majori
1017 2950 1160 3041 publico
1178 2954 1292 3038 bono,

267 3047 373 3120 uestri
389 3046 655 3122 amantiilitnum
669 3065 792 3120 contra
806 3050 909 3124 vobis
927 3047 1114 3122 amandum
1123 3045 1291 3123 statuens.

267 3145 402 3224 Valere
418 3139 467 3221 V.
489 3145 568 3220 Eid.
585 3143 733 3248 August.
755 3148 814 3222 clo
837 3149 897 3222 la'c
919 3146 1014 3220 xxl.
1061 3221 1063 3228 ,
