2868 4568
483 184 1019 266 DEDICATIO.

235 371 366 475 talea,
392 392 489 479 quae
511 370 663 481 precati
691 395 714 456 a
740 369 817 456 Dei
844 367 1084 483 benignitate
1114 369 1282 463 fuerant:

236 487 318 592 Qui
341 511 426 570 moa
443 485 504 569 cui
528 488 657 592 potius
678 509 790 592 quam
809 481 1001 584 mihi‚aut
1019 485 1177 593 quando
1201 519 1281 576 ma·

237 607 322 716 gis,
350 623 462 704 quarn
492 595 566 682 hoc
593 619 764 708 ternpore
789 596 1002 682 convenit?
1043 623 1275 690 curtaro-

230 733 335 798 ωε
354 709 438 794 estis
459 709 753 796 Fridericianae:
775 708 889 811 milri,
911 735 1009 817 quae
1027 712 1126 794 curis
1145 713 1277 800 restria
1415 751 1416 794 i

237 844 350 950 atque
388 819 550 910 consiliis
587 821 866 920 instituuntur,
904 841 947 905 ut
987 820 1135 939 singula
1163 825 1277 934 perli-

105 1026 108 1038 Α
239 955 411 1040 ciuntur,
439 937 506 1020 uni
526 965 630 1020 nunc
656 933 935 1044 providendum
955 931 1017 1018 est.
1081 939 1271 1044 Quartum

238 1074 384 1133 annum
410 1057 483 1155 jam
513 1051 592 1160 agit
611 1045 888 1148 Fridericiana‚
914 1045 957 1128 dc
988 1047 1144 1136 feliciter
1171 1051 1270 1164 agit,

239 1179 321 1248 tuta
349 1161 414 1244 sub
435 1182 593 1270 potente
618 1155 801 1270 praesidio
830 1161 880 1245 sui
909 1183 1271 1268 counruonrs,

231 1269 350 1390 aridia
395 1300 515 1382 nuper
560 1297 797 1378 nJusnnrt
847 1273 1068 1358 liberalitate
1105 1272 1272 1384 inigni,

240 1403 343 1468 certa
374 1387 486 1490 etiam
514 1385 637 1468 veltro
663 1405 758 1470 nutu
784 1384 826 1468 dt
859 1379 1041 1483 contris,
1070 1387 1205 1490 quibus
1236 1389 1273 1470 se

239 1497 322 1606 regi
340 1515 422 1580 non
445 1502 595 1604 ingrata
620 1496 860 1600 recordatur,
889 1499 1030 1606 quoties
1050 1491 1201 1580 haesitat
1224 1501 1266 1581 in

239 1633 281 1693 re
300 1605 437 1716 dubia3
465 1609 506 1692 &
524 1633 590 1718 pet
614 1633 705 1696 vos
734 1609 938 1708 sublevati,
966 1635 1060 1716 quae
1079 1607 1128 1691 ad
1147 1637 1272 1720 augu-

239 1717 338 1804 stum
366 1743 728 1811 servatorem
754 1723 858 1808 suurn
887 1717 1013 1804 referri
1042 1723 1131 1804 vult.
1190 1723 1270 1804 nti-

238 1858 324 1917 rum
346 1833 454 1944 sane,
482 1859 582 1920 vos
611 1837 724 1920 tantis
751 1863 873 1920 rerum
897 1831 1151 1946 gerendarum
1173 1839 1272 1917 curie

239 1967 422 2032 oneratos
441 1975 523 2032 non
543 1950 729 2032 minorem
755 1951 805 2030 tei
837 1947 1060 2048 litterariae,
1088 1947 1127 2029 in
1152 1957 1270 2049 majus

240 2057 532 2168 provehendae,
570 2061 754 2144 rationem
786 2060 951 2158 habere,
980 2084 1093 2164 quam
1123 2055 1149 2141 fi
1182 2059 1267 2142 luric

238 2172 306 2255 uni
337 2173 528 2256 vacaretis.
586 2172 660 2256 Sed
689 2171 767 2256 haec
794 2174 851 2256 vis
882 2171 1101 2254 excellentis
1129 2169 1181 2254 est
1213 2173 1269 2252 in·

238 2281 367 2391 genii,
395 2279 438 2364 dc
464 2281 638 2390 generosi
666 2286 805 2369 amoris
825 2311 917 2394 erga
944 2287 1153 2390 praeclaras
1174 2285 1270 2366 litte-

238 2418 299 2477 ras
329 2391 371 2474 δι
397 2393 516 2478 studia
545 2395 819 2500 humanitatis,
860 2415 901 2479 ut
940 2396 1036 2479 inter
1064 2395 1270 2510 grauissimi

238 2507 427 2592 momenti
460 2535 599 2614 curae,
637 2509 771 2620 quibus
807 2506 957 2593 distenti
994 2505 1079 2592 estis
1107 2507 1273 2610 assidue,

238 2641 313 2704 nec
343 2643 406 2704 eas
438 2621 716 2726 intermittatis,
745 2647 841 2730 quae
870 2646 993 2704 rerum
1024 2621 1272 2705 Academica·

240 2759 325 2820 rum
349 2733 458 2830 sunt3
488 2733 529 2818 &
550 2735 697 2850 magnis
723 2733 894 2818 auctibus
924 2735 1129 2828 litteratum
1152 2735 1271 2816 incre·

240 2863 371 2932 menta
387 2845 614 2951 producunt.
671 2847 799 2932 Multa
820 2845 1018 2929 &eximia
1039 2845 1145 2952 'sunt3
1174 2871 1269 2953 quac

239 2953 473 3044 Academiae
491 2957 741 3066 praestitistis,
769 2985 865 3068 quae
888 2955 1025 3042 referre
1041 2957 1176 3042 ‘omnia
1195 2978 1269 3042 nec

240 3069 423 3180 temporis
452 3069 559 3173 liujus
584 3071 660 3170 est,
686 3098 758 3156 nec
785 3067 904 3154 vestra
934 3069 1109 3156 concedit
1136 3065 1267 3151 mude-

241 3182 349 3268 ratio.
411 3181 508 3266 Illud
545 3203 671 3268 autem
705 3209 942 3290 nequaquam
970 3179 1112 3268 silentio
1132 3177 1186 3263 est
1210 3177 1270 3262 di·

240 3291 493 3396 mittendum,
522 3293 626 3403 quud
647 3297 702 3378 bis
729 3323 848 3405 nuper
870 3300 1026 3410 egregio
1049 3297 1184 3380 merito
1210 3295 1271 3378 lit·

239 3409 768 3521 teratutamelegantiurem,
812 3436 917 3493 nunc
941 3437 964 3492 a
992 3409 1179 3518 plerisque
1214 3408 1269 3490 lo·

240 3521 321 3622 cia,
347 3523 460 3606 etiam
487 3519 730 3620 Academiis,
755 3521 1009 3622 exsulantem,
1036 3517 1266 3640 spreniffirnia

238 3629 410 3738 auspiciis
440 3637 478 3716 in
500 3631 788 3717 Ftidericianam
816 3633 969 3733 reduci,
999 3659 1113 3732 cura,
1151 3625 1268 3716 conli-x

241 3741 322 3842 liis,
351 3769 426 3848 ope
445 3743 709 3844 adlaboral'tis,
737 3745 779 3827 dt
803 3755 850 3826 ut'
862 3747 1002 3830 salubre
1027 3744 1178 3826 initium
1203 3745 1270 3828 hu·

240 3860 299 3964 jue
322 3855 374 3938 rei
400 3862 476 3964 jam
505 3855 649 3946 factum
671 3853 739 3961 stt,
767 3855 889 3948 restro
915 3851 1126 3944 incredibili
1147 3854 1271 3940 studio

1190 3991 1275 4078 pes}
