2918 4590
185 341 368 406 ·uv
512 303 1086 396 PRAEFATIO.

288 483 398 569 nium
427 473 641 576 Dictator.
657 468 813 559 tandem
841 470 882 554 in
910 494 1135 582 perpetuum
1163 491 1317 564 cteatoo

288 594 355 681 est.
409 589 523 676 Unde
545 586 742 672 Antonius
764 582 917 668 adscribi
942 584 1043 690 juffit
1062 588 1102 670 in
1122 587 1239 674 Follis
1260 591 1321 676 ad·

287 703 515 816 Lupercalia
535 700 583 783 C.
602 699 784 783 Cnosnnt
810 697 1058 810 Dtcrmon
1083 699 1311 788 Pantnnoo

228 851 232 858 ·
287 819 361 903 &a
390 816 444 900 uti
461 811 504 896 bt
521 811 561 895 in
580 811 708 894 numia
730 804 843 892 hodie
864 808 993 894 videte
1011 809 1084 924 est.
1143 811 1309 898 ild-Eu-

283 929 412 1046 (mpii,
430 946 556 1011 autem
595 922 640 1005 L.
660 949 698 1004 v.
725 945 756 1003 c.
778 943 816 1025 9.
858 922 1005 1032 Syllam
1032 951 1120 1008 cum
1150 924 1308 1012 falcibuo

286 1065 412 1129 xxiv.
455 1029 687 1147 procellose,
738 1029 852 1139 idque
881 1061 905 1114 a
935 1036 1088 1119 nemine
1126 1064 1307 1147 umquam

285 1153 430 1240 saelum
466 1148 639 1233 observat
668 1143 905 1245 Glareanus,
945 1146 1083 1250 qood,
1128 1146 1194 1232 etsi
1223 1153 1308 1236 nol·

286 1270 327 1352 lo
346 1262 533 1368 scriptoris
551 1253 770 1341 testimonio
790 1254 1017 1359 confirmat,
1045 1284 1067 1342 e
1086 1257 1185 1350 Livii
1205 1265 1306 1372 Epit.

286 1395 478 1465 mmlx.
508 1364 660 1454 hauliile
679 1365 840 1452 videtur.
877 1372 939 1453 illa
961 1371 1063 1454 enim
1086 1371 1186 1456 buno
1204 1401 1311 1460 erro-

286 1515 369 1574 rem
388 1483 613 1571 committit:
640 1508 729 1563 nam
746 1497 857 1564 tanto
874 1507 1037 1568 numero
1056 1485 1204 1594 gavisos
1219 1487 1311 1572 fuis·

287 1603 323 1686 le
344 1621 480 1684 omnes
501 1593 719 1678 Diilatores
741 1591 825 1676 satis
845 1591 1018 1696 constat,
1044 1593 1148 1680 unde
1172 1595 1309 1686 iterum

288 1739 436 1802 novom
455 1706 546 1818 quid
563 1705 699 1791 accidit
720 1706 890 1809 Caesari,
902 1705 1009 1812 quod
1026 1707 1311 1798 Dtobxnn.

289 1851 385 1911 220.
414 1824 512 1906 inter
544 1819 709 1904 honores
733 1819 878 1902 nemini
910 1845 1087 1927 umquam
1115 1821 1311 1906 concellus
1431 1873 1432 1884 ι

287 1936 476 2037 recenset,
504 1949 569 2035 ut,
596 1956 691 2038 quoe
718 1930 758 2012 in
791 1930 913 2039 prima
931 1931 974 2016 bt
997 1931 1156 2018 secunda
1179 1933 1311 2018 Diela-
1431 1939 1432 2020 ζ

288 2072 373 2138 tura
390 2047 591 2149 babuerat,
620 2043 664 2128 iis
681 2040 857 2145 adderet,
886 2045 1021 2152 quibus
1041 2038 1080 2128 ln
1099 2049 1206 2128 tertia
1226 2067 1310 2132 ute·

287 2165 423 2263 batn,
441 2179 484 2244 ot
505 2175 586 2238 tom
609 2177 749 2238 Lxxu.
773 2163 847 2258 jam
865 2155 1063 2258 habuerit,
1084 2158 1244 2264 quibus,
1265 2179 1310 2242 ut

286 2273 461 2362 Fabricio
482 2264 531 2349 ad
544 2266 665 2370 Dion.
684 2262 1028 2364 videtur,mirum,
1050 2268 1090 2348 ni
1109 2266 1310 2356 duodenos

289 2381 548 2478 econsulatu‚
576 2399 688 2484 quem
706 2401 782 2460 una
801 2402 888 2460 com
907 2377 1108 2462 Dielatorn
1126 2379 1309 2487 gerebat,

288 2493 467 2606 junxerit.
497 2507 540 2573 ut
569 2505 636 2572 aot
664 2487 865 2596 Epitomae
891 2488 939 2572 ab
971 2490 981 2572 i
1014 2509 1107 2573 nato
1134 2489 1309 2578 Librario

288 2612 382 2700 baec
397 2603 523 2690 adiuta
540 2598 764 2701 videantur,
791 2619 856 2684 aot
874 2627 961 2686 cum
983 2515 1032 2686 il.
1053 2602 1106 2693 D.
1123 2629 1194 2710 pro
1211 2605 1311 2717 quod

287 2716 548 2834 nonoquidem
567 2738 733 2824 unquam
740 2709 898 2819 fecerat
909 2709 1112 2825 legendum
1133 2716 1309 2822 viderat,

287 2859 430 2942 nempe
454 2826 493 2912 id
514 2826 669 2927 aetatis,
699 2827 786 2934 quia
813 2825 862 2913 ab
882 2824 1109 2912 Hannibalis
1131 2855 1181 2911 ex
1202 2833 1307 2916 ltalia

288 2946 437 3038 discello
460 2937 509 3026 ad
531 2941 659 3051 Syllae
680 2956 854 3043 tempora
880 2963 948 3043 per
976 2961 1079 3024 cxx.
1102 2966 1226 3025 annos
1236 2943 1309 3026 Di·
1430 2949 1431 2974 ³

288 3062 410 3146 Clator
433 3055 558 3138 nullus
580 3048 712 3136 fuerat.
741 3050 865 3136 Pauca
882 3050 974 3136 haec
996 3051 1045 3134 de
1066 3053 1306 3162 moltis,qui·

289 3174 361 3258 boo
380 3167 405 3254 fi
425 3167 533 3276 plura
548 3160 597 3248 ad
618 3163 710 3248 haec
727 3163 906 3263 loca‚vel
920 3163 1306 3250 recentiorumetlam

287 3285 493 3396 opiniones
512 3271 767 3360 confutandas
782 3273 957 3360 facientia
973 3273 1141 3382 proferre
1160 3278 1308 3381 liberet,

284 3397 399 3484 nimis
423 3391 572 3499 amplos
600 3387 698 3472 banc
728 3387 768 3470 in
789 3412 869 3470 tem
893 3385 1127 3495 exspatiandi
1145 3415 1305 3496 campus

286 3525 460 3620 pateret,
497 3525 594 3611 quae
626 3501 665 3583 in
691 3502 968 3611 opportuniora
996 3521 1168 3607 tempora
1197 3502 1308 3594 diffe.

286 3622 404 3710 nentis
431 3615 502 3702 hoo
529 3613 701 3698 excursus
733 3637 784 3696 ne
812 3614 942 3721 inique
965 3609 1086 3714 fetas,
1114 3613 1158 3699 Β.
1172 3615 1216 3702 L.
1243 3614 1307 3702 sed

289 3727 490 3821 conatibus
509 3727 603 3812 meio
629 3751 710 3814 non
736 3720 804 3808 nist
824 3726 996 3834 publicae
1022 3725 1225 3815 Litetatiae
1251 3729 1306 3816 tei

156 3865 161 3875 '
288 3841 480 3946 consulere
495 3837 700 3932 adnitentis
723 3857 766 3930 ιιι
790 3835 941 3948 fateat,
969 3835 1114 3928 obnixe
1137 3867 1248 3956 rogo.

1127 4066 1182 4156 D.
1210 4059 1310 4150 Lo.

657 4139 682 4182 .’
743 4131 835 4190 ἰιι
