2892 4580
325 277 379 332 aa
426 253 1065 332 PRAEFATIONES.

185 404 343 506 gmentie
365 407 462 494 illia,
491 405 615 502 quibus
637 403 866 500 posteriorem
895 407 986 482 suam
1012 377 1209 488 editionem

189 507 290 580 idem
312 503 478 577 Cellarius
499 504 762 598 locupletavit3
791 523 876 596 quas
901 505 1015 600 itaque
1035 508 1209 602 seleSas,

191 625 276 676 cum
297 624 392 676 nova
413 601 489 771 {jus
509 599 752 686 Praefatione,
775 597 822 670 ad
841 597 919 670 libri
938 605 1065 678 calcem
1085 607 1211 705 rejici,

191 703 255 776 suo
271 700 353 773 loco
368 721 416 794 po
432 719 540 774 iturus
548 697 594 788 ,st
610 715 713 772 antea
727 698 830 788 copia
846 698 1034 772 earundem
1049 725 1212 778 notarum

187 792 280 874 milri
295 795 427 872 fnisset.
475 798 595 870 Simile
608 796 689 891 quid
707 795 793 868 mihi
811 792 965 889 contigit
982 796 1018 866 in
1034 799 1111 872 MS.
1128 825 1213 896 quo.

185 894 406 988 dam,cujua
414 895 550 992 copiam
561 895 666 970 serius
681 892 753 968 sum
769 891 901 970 nadlue.
927 892 968 963 ln
980 892 1213 971 lndiceMSS.

175 966 441 1068 *Bibliothecae
455 993 820 1088 Lugduno-Batavae
840 990 1086 1084 alphabetic03
1111 1013 1215 1084 quem

186 1111 276 1166 ante
296 1090 481 1165 duodecim
502 1091 642 1166 confeci
657 1112 785 1178 annor,
813 1088 858 1162 ad
878 1088 1043 1182 Eutropii
1065 1090 1214 1162 mentio-

192 1211 276 1264 nem
292 1212 371 1264 eum
387 1199 567 1301 perperam
584 1193 677 1263 inter
690 1191 792 1263 MSS.
804 1187 993 1284 posuerant
1010 1185 1218 1298 typothetae

193 1310 276 1460 la:
295 1282 1220 1480 lall'llltt.ltllzlll’.ttllllllf

189 1483 262 1557 cari
286 1482 442 1558 debuiffe
465 1508 500 1581 p.
518 1493 599 1578 381.
652 1483 874 1586 Quapropter
896 1479 1089 1578 evestigio
1109 1504 1132 1555 a
1154 1505 1214 1557 me

188 1579 363 1675 inspeetis
373 1631 387 1670 ,
412 1581 646 1678 deprehensus
663 1581 714 1656 est
728 1579 832 1654 Paulli
849 1601 986 1676 quoque
1004 1579 1138 1656 habere
1153 1581 1215 1654 ad·

191 1677 284 1750 l'ntas
300 1680 464 1770 lacinias,
487 1701 593 1776 atque
612 1680 801 1754 convenire
818 1677 935 1772 paffim
955 1701 1033 1750 curn
1045 1679 1137 1768 illie,
1152 1681 1213 1774 qui

102 1863 113 1876 ,
195 1775 349 1850 secundo
376 1795 480 1872 atque
503 1777 612 1850 tertio
637 1799 784 1850 numero
812 1779 903 1850 inter
928 1776 1036 1850 MSS.
1068 1777 1213 1874 Lugdu-

191 1895 242 1946 no
264 1873 414 1950 Batavos
443 1875 649 1963 laudantur,
681 1875 805 1968 quibua
835 1895 914 1947 curn
944 1872 1131 1968 diligenter
1148 1859 1215 1950 ‘usi

192 1967 318 2063 limus,
344 1972 488 2045 easdem
510 1971 676 2046 lettiones
696 1989 857 2060 repetere
878 1989 923 2042 ex
945 1991 1054 2064 nuper
1076 1970 1144 2045 hoc
1161 1995 1216 2046 re·

193 2087 297 2164 perto
321 2069 456 2144 Codice
479 2067 616 2144 necesse
638 2089 708 2142 non
731 2068 915 2152 datianum
941 2083 980 2137 ut
1002 2085 1118 2144 tamen
1141 2067 1215 2164 ejue

189 2165 309 2264 gallor
323 2166 493 2258 exstaret,
505 2187 670 2264 excerpta
685 2167 855 2260 quaedam
872 2163 908 2238 in
926 2163 1011 2236 locis
1025 2161 1141 2238 dubiis
1153 2166 1216 2242 laic

189 2267 344 2361 adjicere
363 2267 505 2361 placuit.
557 2268 640 2364 Pag.
661 2273 720 2358 5⁶·
746 2264 899 2360 reliquos
916 2261 1026 2336 Codd.
1044 2265 1151 2339 MSS.
1173 2265 1213 2342 dt

188 2365 476 2440 emendationem
500 2363 677 2454 nostram,
708 2365 753 2436 od
765 2361 932 2458 fingulure
952 2379 1116 2438 certamen
1136 2385 1213 2460 pro·

189 2461 334 2558 grefflrs,
357 2467 485 2541 oceidit.
508 2486 573 2557 pro
596 2461 799 2558 tongreffias,
824 2459 1021 2536 confirmat.
1072 2461 1211 2564 Quibus

192 2559 272 2650 ipsas
287 2563 403 2634 verbis
420 2563 515 2634 ulum
534 2563 680 2634 invenio
706 2558 868 2634 Orosrom
883 2581 934 2632 rr.
966 2581 1021 2653 ¹3·
1046 2557 1093 2634 de
1110 2561 1210 2636 Clau·

192 2657 255 2728 dio
270 2658 454 2730 Marcello.
491 2660 555 2730 Uli
570 2663 668 2732 etiam
683 2656 749 2752 lpse
764 2657 987 2731 Virdomuram
1004 2655 1151 2751 Regem,
1175 2665 1211 2734 in

191 2755 333 2850 primam
347 2757 448 2828 oriem
460 2753 658 2849 pregreffus,
682 2757 809 2828 oceidit.
859 2755 940 2850 Pag.
961 2774 1041 2845 134.
1067 2755 1215 2829 consen·

195 2850 240 2925 tit
260 2869 399 2944 quoque
422 2870 502 2923 cum
517 2873 567 2923 rv.
594 2851 733 2945 reliquie
752 2851 853 2924 MSS.
876 2852 997 2946 legent
1020 2874 1125 2923 omues
1134 2849 1215 2948 fere

191 2945 399 3044 Hispaniae,
424 2969 496 3020 non
518 2947 674 3044 Hispani.
719 2951 904 3044 Pag.158.
930 2969 995 3040 pro
1016 2946 1095 3040 Asta
1121 2956 1214 3043 enit,

191 3051 249 3122 vel
267 3064 307 3120 ut
322 3048 402 3136 alii,
424 3045 585 3140 Astatia,
610 3067 743 3120 novum
756 3067 883 3120 nomen
899 3042 1086 3136 Asterume
1127 3052 1213 3144 ugit.

187 3147 375 3242 Pag.167.
400 3167 465 3240 pro
489 3149 596 3242 Atque
619 3150 654 3219 in
678 3159 856 3232 conuentu,
881 3141 1059 3218 nobiscum
1078 3149 1216 3222 mavolt

189 3246 315 3340 Itaque.
344 3244 525 3318 Vexatnm
542 3249 679 3329 locum,
704 3243 766 3318 ubi
779 3244 824 3318 de
841 3241 1085 3336 Pompejo,ut
1100 3243 1215 3340 Syllae
1251 3239 1260 3294 ·3

190 3343 371 3437 proximo,
395 3341 452 3418 seu
476 3343 586 3417 altero
608 3345 631 3416 S
657 3342 700 3418 lla
722 3339 839 3440 agitur
861 3365 897 3436 p.
915 3362 997 3415 nno.
1021 3343 1071 3418 ita
1089 3343 1215 3422 consti-

194 3439 279 3526 tuit,
303 3446 435 3536 cognitu
450 3445 522 3538 ejus
543 3368 718 3538 industrio,
743 3443 849 3516 tontis
871 3443 1068 3514 exercitibus
1081 3440 1213 3539 proese-

192 3555 300 3624 ceret,
321 3556 355 3612 nt
362 3537 525 3636 secundas
539 3565 560 3614 o
574 3541 665 3636 Syllo
681 3543 861 3615 haberetur.
887 3537 1081 3612 Confirmat
1095 3565 1213 3618 emen·

196 3634 372 3708 dationem
388 3661 431 3710 ex
450 3641 559 3713 MSS.
576 3641 713 3712 allatam
738 3662 773 3734 p.
792 3658 876 3732 273.
906 3639 962 3722 Ea
975 3637 1213 3736 Porrpejifilir'r

196 3733 301 3824 major
324 3733 442 3826 recisus
462 3734 535 3834 est,
561 3740 666 3812 minor
677 3736 789 3834 sugit.
814 3735 873 3810 ubi
896 3731 938 3818 ἐξ
959 3735 1103 3836 Pampeji
1115 3739 1212 3835 filius

195 3833 465 3926 mojor,vulgati
479 3835 621 3910 malunt.
648 3837 732 3934 Pag.
750 3841 832 3924 285.
858 3833 1071 3910 locutionein
1089 3859 1145 3932 pro
1159 3845 1211 3912 ui·

191 3931 241 4004 eto
259 3929 405 4004 recedere
417 3931 556 4026 probat,
573 3934 656 4010 dnm
673 3934 792 4014 scribit
806 3931 852 4008 de
868 3933 1023 4013 Antonio
1040 3933 1213 4046 (fugienti

1173 4055 1210 4106 an
