2918 4590
386 289 966 381 PRAEFATIQ
1109 315 1203 382 mn

176 469 208 569 33
234 475 322 563 tur,
358 455 460 544 idem
489 459 629 543 Paulus
657 483 707 542 cx
736 453 887 544 divcrlis
914 457 1203 548 audoritaubus

176 630 212 675 ,‚
239 570 515 684 (sudoribus)
542 571 699 678 proptio
722 567 806 652 stilo
827 575 1044 658 connexuit.
1060 577 1085 618 ”
1136 580 1202 658 ln·

181 684 380 792 terpolatis
397 685 499 770 enlm
519 679 650 766 decern
668 682 843 788 Eutropii
864 683 966 767 libris
992 689 1087 774 allae
1111 685 1198 790 kar,

182 796 275 882 octo
294 797 388 882 aliae
406 794 597 880 Paullinos
616 793 665 878 de
684 791 811 878 Gestis
832 795 1096 882 Romanorum
1117 799 1202 883 sub-

182 912 373 1011 mittunt,
401 907 462 992 sed
490 904 625 991 eodem
656 927 786 990 tamen
817 905 991 990 redeunt.
1049 913 1094 992 ln
1120 912 1203 1017 qui·

183 1017 343 1108 busdam
376 1047 466 1106 vero
502 1019 663 1104 Paullini
692 1017 781 1102 libu
805 1013 1024 1104 indistindle
1047 1021 1204 1130 sequun-

184 1151 271 1236 tur,
300 1153 342 1220 ut
368 1135 513 1243 primus
539 1131 687 1217 dicatur
715 1129 829 1215 Libet
859 1127 1109 1230 undecimus,
1138 1133 1204 1239 qui

184 1247 226 1329 in
245 1247 325 1332 aliis
347 1246 466 1330 Paulli
488 1245 654 1328 Diaconi
676 1242 790 1326 Libet
809 1243 954 1351 primus
976 1241 1042 1328 est.
1082 1243 1205 1348 Quod

183 1381 309 1444 autem
330 1361 428 1444 Ant.
445 1354 713 1443 Schonhovius
729 1351 827 1440 duos
854 1375 1045 1442 tantuma
1067 1355 1204 1442 Paullo

181 1472 299 1557 libros
318 1469 471 1555 additos
492 1469 634 1566 scribit,
665 1468 705 1550 in
727 1470 831 1552 nulla
847 1468 979 1578 repeti.
999 1469 1086 1584 Jatu
1108 1495 1205 1554 veto

181 1591 233 1672 Α.
246 1607 395 1670 urnxx.
423 1580 598 1665 Veneriis
617 1587 671 1667 8⁰.
700 1579 928 1688 Eutropium
941 1579 1203 1668 fincerumda·

180 1722 246 1797 re,
274 1697 317 1778 δι
336 1724 358 1778 a
378 1695 495 1778 Paulli
515 1693 873 1802 interpolationibus
893 1695 1059 1801 stpatare
1086 1720 1202 1780 cona·

183 1825 247 1891 tos
269 1805 374 1890 fnille
392 1809 429 1919 J.
439 1803 607 1912 Baptista
626 1805 812 1914 Egnatius
834 1804 971 1890 dicitur
992 1807 1052 1891 Cl.
1071 1807 1202 1891 Fabri·

184 1919 271 2014 cio,
301 1916 344 1998 δι
371 1915 441 2000 hac
466 1915 636 1999 editione
659 1920 695 1998 se
719 1921 801 2001 ulos
818 1915 1000 2001 testantur
1018 1919 1203 2010 Cellatius

184 2027 229 2112 tr
253 2029 421 2114 Hearne.
479 2027 592 2110 Hanc
621 2051 737 2134 qutun
759 2025 826 2109 diu
845 2025 979 2111 frustra
1006 2025 1206 2134 qoaessris·

183 2139 285 2243 scm,
311 2139 363 2224 ita
383 2155 426 2223 ut
446 2135 646 2222 dimidium
664 2163 762 2244 opus
788 2145 864 2242 jam
895 2139 999 2250 typis
1022 2135 1111 2222 edet
1139 2136 1204 2224 de-

182 2254 384 2362 scriptum,
412 2249 486 2334 Vir
505 2251 648 2334 meritis
664 2252 705 2333 iu
723 2276 803 2335 tem
818 2251 1041 2337 Literariam
1058 2253 1205 2336 inmor-

182 2367 291 2470 talis,
318 2363 361 2448 dr
377 2362 438 2449 cui
457 2385 642 2473 qnantum
664 2361 827 2449 debeant
846 2363 1052 2474 Eutropius
1072 2362 1114 2448 tr
1134 2366 1202 2451 Fe·
1231 2419 1234 2434 ·

182 2477 283 2578 stus,
305 2480 415 2586 plura
434 2471 590 2561 subsidia
609 2475 750 2583 saepius
768 2475 830 2560 hic
842 2474 1203 2576 recenseudaosten-

182 2589 306 2689 dunt,
333 2589 374 2671 P.
385 2589 631 2674 Burmannus
647 2587 846 2674 Secundus
863 2591 964 2674 trina
982 2587 1074 2672 milri
1091 2588 1203 2676 obtu-
1296 2615 1299 2622 ’

186 2702 231 2784 lrt
249 2703 501 2805 exemplaria,
529 2725 694 2808 quorum
713 2703 872 2784 alterurn
899 2719 1046 2809 praeter
1067 2701 1205 2789 Sueto-

185 2811 322 2912 nium,
349 2811 496 2894 Aurelii
523 2811 690 2898 Vidloris
718 2811 934 2919 Excerpta,
958 2809 1091 2897 decem
1122 2813 1224 2898 Eu··

185 2923 327 3030 tropii,
354 2919 397 3004 dc
416 2919 507 3006 odlo
531 2920 571 3004 P.
585 2921 753 3006 Diacoui
772 2921 888 3005 libros
904 2923 1108 3007 continens
1126 2925 1206 3007 Ve-

185 3036 299 3121 netiis
328 3031 431 3143 apud
459 3030 604 3118 Aldum
639 3037 693 3118 A.
721 3055 881 3121 Μυκη.
921 3040 973 3121 8·.
1002 3032 1205 3144 inpressum

186 3147 240 3234 est
269 3173 359 3232 cura
386 3148 422 3262 J.
439 3144 484 3230 Β.
508 3145 690 3260 Egnatii,
718 3169 741 3229 e
771 3171 849 3254 quo
870 3145 1028 3232 alterurn
1058 3166 1205 3255 praeter
1345 3183 1350 3192 ⁴

185 3257 449 3347 Herodianum
477 3255 526 3340 ab
554 3259 711 3368 Augelo
737 3255 928 3344 Politiano
951 3257 1090 3344 Latine
1123 3283 1206 3344 ver·

186 3375 287 3473 sum,
313 3378 410 3456 Aut.
435 3369 603 3456 Victoris
629 3371 819 3480 Excetpta
846 3364 1024 3481 Eutropii
1051 3367 1206 3480 decem,

187 3486 230 3570 P.
243 3484 408 3572 Diaconi
432 3479 523 3568 odlo
541 3482 658 3568 libros
685 3483 942 3588 complectens
970 3503 1102 3568 natum
1130 3483 1206 3594 est,

188 3597 243 3680 ita
274 3617 318 3681 ut
345 3593 439 3678 nihil
464 3593 514 3677 ab
531 3595 680 3680 alterius
710 3594 873 3680 ledlione
903 3592 1074 3699 recedat,
1104 3623 1207 3683 eam-

190 3705 351 3814 demque
380 3705 537 3819 Egnatii
566 3703 841 3815 praefationem
877 3705 1092 3817 praeferat,
1118 3711 1208 3796 Elo-

190 3819 334 3906 rentiae
362 3815 464 3930 apud
485 3819 622 3932 Juntas
652 3819 829 3927 sequente
852 3845 958 3908 anno
983 3849 1076 3908 cura
1105 3824 1208 3924 Ant.

188 3931 325 4040 Erant,
343 3925 583 4034 Varclrieusu
608 3929 822 4048 inprelluu,
879 3932 1059 4040 Tettium
1088 3939 1209 4130 vero(i
1325 4005 1332 4018 .

1101 4069 1179 4158 ¹quo
