2918 4590
156 153 186 242 7
268 227 405 305 aare·
496 207 527 291 a
556 201 617 292 n:
642 199 716 290 aa
737 199 784 290 r
810 208 850 290 a
877 205 920 290 r
958 201 1074 344 ro:¹

271 397 384 492 quent
413 369 498 486 pbst
528 369 835 482 Havercamprrm
868 399 1020 483 quoqne
1046 379 1224 481 contuli,
1253 399 1301 464 ut

283 497 349 579 suo
370 497 458 588 loco
480 490 621 573 monui.
687 489 730 568 ln
762 486 839 568 line
865 489 955 570 liare
986 492 1136 572 inveni:
1162 549 1192 590 ‚,
1223 495 1318 580 lix,-

261 637 303 710 ρ,
332 608 440 714 plicit
455 604 545 684 libet
567 599 652 684 Rufi
667 597 760 685 Festi
784 601 868 683 Vtri
890 605 1091 685 consularis
1111 602 1302 695 deGestte

272 753 304 824 γ,
333 722 600 803 Rornanorum
630 711 796 794 feliciter.
858 713 994 819 lncipit
1022 715 1065 798 T
1067 713 1229 800 iactatus
1248 718 1302 804 de

272 869 301 936 2,
331 845 437 914 motu
477 828 568 943 Julii
612 827 778 908 Caesaris
815 825 1237 936 angustiinciptendo
1277 861 1303 916 a

272 985 302 1047 ν,
330 935 554 1048 triumphis,
577 963 673 1045 quos
695 937 825 1019 babuit
842 938 883 1018 in
905 937 1024 1020 reditu
1044 965 1090 1024 ex
1105 944 1299 1048 Hispania.

271 1105 303 1162 2,
331 1056 609 1139 Chronicarum
643 1052 817 1157 Imperat.
846 1051 962 1134 Rom.
992 1051 1084 1134 liber
1114 1081 1218 1138 nnnc
1245 1060 1302 1139 se-

271 1225 300 1269 „
329 1171 486 1276 quitur,
513 1165 569 1246 uti
600 1160 642 1242 br
662 1162 873 1269 Descriptio
891 1165 1007 1246 totius
1034 1163 1166 1247 mundi
1187 1170 1303 1252 &c'l

270 1285 318 1366 lu
340 1279 468 1362 medio
490 1296 616 1359 autem
636 1273 781 1358 Codice
801 1275 892 1358 haec
921 1279 1049 1362 inveni
1070 1279 1196 1387 pridie
1215 1284 1303 1366 Ka·

272 1393 402 1478 lenitas
426 1390 572 1495 Juaias
590 1395 706 1473 Anno
724 1390 872 1474 natalis
894 1391 1049 1474 Domini
1073 1392 1187 1496 1464.
1248 1397 1301 1477 Et

205 1516 216 1526 ’
271 1503 312 1588 lii
333 1504 416 1587 sunt
434 1499 597 1586 Codices
616 1499 730 1584 MSS.
759 1501 893 1606 quibus
911 1527 932 1582 e
952 1501 1048 1584 Bibl.
1072 1501 1198 1612 Lngd.
1211 1505 1300 1604 Bar,

272 1618 308 1700 se
331 1616 433 1698 usum
460 1614 582 1698 scribit
612 1614 931 1732 Havercampus',
970 1640 1058 1698 nam
1089 1615 1188 1700 Cod.
1209 1615 1303 1716 MS,

273 1728 523 1811 Citarraceum
555 1727 594 1807 in
627 1746 684 1832 4⁰.
724 1751 835 1832 quem
874 1748 1020 1836 praeter
1046 1727 1132 1812 -lros
1162 1729 1299 1816 eadem

271 1841 368 1926 Bibl.
393 1841 575 1942 reservat,
591 1865 672 1922 non
695 1834 857 1950 dignum
880 1838 974 1941 esse,
1001 1851 1104 1945 cujus
1119 1846 1215 1926 ratio
1235 1842 1300 1926 lra-

271 1952 425 2054 beatur‚
457 1952 558 2038 unde
576 1951 677 2035 hunc
695 1950 870 2056 conferte
895 1954 1112 2058 supersedit:
1141 1959 1200 2038 At
1220 1958 1301 2040 lau·

272 2067 337 2162 dat
357 2070 517 2149 alterum
538 2065 649 2148 serius
678 2091 700 2143 a
729 2065 763 2144 se
792 2067 991 2144 inventum
1016 2093 1054 2145 in
1080 2070 1301 2154 membrana

270 2184 471 2285 scriptum,
499 2195 670 2280 quartam
698 2197 850 2278 quoque
879 2175 1040 2256 sormam
1070 2176 1300 2280 habentem,

272 2297 377 2388 cirins
397 2288 437 2368 in
461 2289 554 2372 locis
575 2283 699 2366 dubiis
714 2287 883 2367 'consulti
913 2285 1097 2393 quaedam
1119 2313 1301 2396 excerpta

272 2399 427 2506 adjecit:
456 2397 607 2502 Quibus
631 2421 712 2480 non
741 2417 946 2482 contentus
975 2419 1174 2507 utrumque
1194 2405 1298 2490 Cod.

272 2507 321 2596 ab
352 2541 430 2596 ovo
460 2511 509 2593 ad
541 2515 680 2596 calcem
713 2507 889 2596 conferre
924 2537 1050 2596 meum
1074 2513 1145 2598 elle
1175 2517 1297 2623 duxi,

273 2626 334 2710 scd
355 2627 419 2707 vix
441 2621 705 2708 infecundum
726 2622 883 2708 Librum
905 2626 1090 2733 procelli,
1113 2631 1205 2737 quin
1227 2631 1299 2715 ob·

274 2739 505 2844 stupuerim,
532 2757 678 2820 tantam
709 2736 887 2820 iterumn
921 2739 971 2823 V.
998 2742 1058 2825 Cl.
1090 2743 1299 2852 incuriam,

273 2851 316 2934 br
335 2852 506 2959 supinam
535 2850 807 2964 negligentiam
833 2852 1089 2956 commisero,
1118 2877 1160 2939 ut
1178 2858 1300 2940 oculis

273 2966 366 3049 meis
387 2962 538 3050 credere
567 2989 647 3047 non
672 2965 885 3071 potuerim,
913 2963 955 3046 δι
983 2963 1125 3074 saepius
1154 2989 1300 3050 utrum·

275 3103 347 3184 que
364 3077 596 3175 evolverim,
617 3077 775 3158 alterum
794 3103 865 3184 pro
882 3077 1003 3161 altero
1022 3107 1045 3161 a
1068 3079 1119 3162 V.
1141 3079 1199 3164 Cl.
1219 3084 1301 3164 lau·

271 3194 406 3273 datum
434 3209 553 3273 ratus:
583 3189 687 3292 Quia
704 3195 798 3271 lero
816 3189 899 3274 illos
927 3191 1012 3274 satis
1031 3187 1229 3302 distinguit
1259 3193 1299 3278 in

273 3303 403 3387 charta
424 3303 625 3412 scriptum,
655 3325 767 3408 quem
785 3299 1007 3403 contemsit,
1038 3304 1077 3387 in
1111 3305 1297 3390 membra-

275 3441 350 3508 na,
377 3441 491 3522 quem
516 3414 715 3514 laudavit,
754 3418 861 3500 nullo
888 3416 1008 3500 modo
1035 3417 1199 3500 excusari
1228 3445 1301 3522 po-

275 3523 355 3608 test.
416 3528 533 3612 llnnc
562 3531 666 3609 enim
696 3528 1033 3614 Membranacenm
1065 3531 1205 3641 lfidori
1223 3532 1302 3636 Ju-

277 3643 397 3720 aiuris
426 3639 655 3750 Hffolrnsst
682 3639 855 3752 Episcopi
889 3641 933 3726 de
961 3642 1218 3753 Proprietate
1239 3672 1303 3728 rc·

276 3777 364 3850 rain
399 3751 588 3854 Librum,
617 3753 678 3836 cui
709 3749 858 3838 additus
886 3755 979 3838 liber
1002 3758 1135 3866 Iinago
1158 3754 1305 3842 Mundi

276 3862 506 3974 inscriptus,
546 3863 717 3970 Libellus
758 3867 804 3968 de
840 3867 1097 3970 Mirabilibus
1125 3869 1303 3965 Romae,

1195 3979 1308 4096 {pdo-
