2918 4590
274 291 394 366 xxm
524 261 1097 356 sustracto.

274 438 421 554 praello
440 435 603 550 plurimi
630 433 741 524 Galli
769 432 1002 543 itrslauracis
1017 437 1163 526 iterum
1191 463 1212 526 r
1256 443 1306 530 ils

278 551 475 640 labellum
493 547 614 636 uillas
637 548 772 658 nccaja
793 550 957 662 Sulpitio
984 544 1177 638 dillature
1218 571 1306 666 upe-

276 654 1083 884 Essisssussopisuqtmfitslgbssgsnimquam
1099 658 1145 746 ἃ
1162 663 1205 752 in
1223 691 1305 756 me·

338 889 449 975 Alter
473 913 565 972 vero
584 886 814 971 Chartaceus
841 837 1049 974 chronicon
1072 886 1304 1000 Universale

281 999 463 1086 Martini
481 1003 599 1087 Poeni
616 1023 733 1082 manu
752 998 956 1107 scriptum,
982 997 1023 1082 δι
1044 999 1302 1108 Fasciculum,

281 1132 324 1206 ut
357 1113 488 1198 titulus
515 1107 711 1222 praefert,
745 1126 953 1223 temporum
981 1135 1102 1198 umus
1127 1121 1303 1228 antiquu-

215 1295 220 1314 .
278 1252 369 1312 rum
382 1229 563 1330 [cronicas
590 1221 910 1330 complessentern
938 1224 1042 1336 typis
1069 1223 1305 1332 inpressum,

278 1339 474 1446 multaque
493 1335 566 1420 alia
584 1333 644 1420 sed
657 1333 799 1422 diversa
817 1362 934 1423 mano
950 1359 1105 1424 exarata
1117 1341 1302 1430 continet.

113 1455 115 1462 '
280 1449 358 1538 Hie
392 1446 544 1556 quidem
581 1447 809 1557 Eutropium
841 1475 924 1536 uon
956 1475 1093 1558 purum
1127 1450 1304 1560 exhibet,

280 1587 372 1649 uam
393 1557 442 1646 fic
456 1561 609 1652 titulust
640 1615 670 1664 „
699 1561 835 1668 sncipit
856 1561 1031 1672 Eutropii
1059 1565 1228 1647 Romani
1248 1564 1303 1646 lai.

149 1675 158 1695 ⁸
276 1728 312 1781 ,‚
339 1671 475 1778 sioria,
502 1675 562 1759 cui
591 1671 732 1784 aliquid
753 1673 891 1760 Paulus
910 1669 1189 1786 Aquisegienfis
1209 1677 1304 1762 Dia.

279 1845 310 1893 „
337 1812 458 1874 conus
487 1784 634 1870 addidit
667 1805 827 1900 rogatus
855 1787 905 1876 ab
932 1783 1153 1901 Adelperga
1178 1788 1303 1874 Bene.

280 1961 312 2006 „
338 1899 443 1984 uenti
474 1898 624 1986 ducissa.
635 1899 659 1942 ’²
723 1899 833 2004 Sed,
880 1898 944 1985 ubi
976 1899 1095 2010 ipsum
1125 1901 1302 2008 Eutropii

279 2033 505 2100 contextum
533 2011 721 2114 existunt,
757 2013 891 2108 ceteris
920 2007 1224 2123 praeferendus,
1260 2015 1303 2096 dc

280 2129 437 2225 Primo,
465 2127 531 2232 qui
550 2125 663 2208 nobis
687 2123 848 2226 dicitnr,
876 2126 1098 2230 proximus,
1125 2124 1304 2232 quemad-

194 2337 200 2352 ,
280 2239 442 2328 modum
462 2237 666 2323 Secundum
687 2229 950 2342 superassem,
978 2230 1005 2316 ss
1033 2233 1304 2321 Codd.MSto·

281 2375 367 2433 rum
387 2347 516 2435 seriem
536 2343 790 2450 inmutassem,
810 2344 916 2456 quod
934 2371 1016 2430 nnn
1033 2341 1157 2432 fecisse
1172 2347 1302 2458 piget,

281 2484 512 2568 quamquam
540 2458 635 2562 lunc,
662 2459 774 2569 quia,
802 2461 858 2544 uti
887 2454 936 2544 ab
955 2459 1222 2570 Havercampo
1245 2459 1304 2544 di.
1388 2513 1395 2519 -

281 2569 406 2656 minoi
434 2590 566 2674 eraut,
601 2597 672 2658 eos
698 2559 959 2674 contulerim,
984 2569 1114 2678 postca
1137 2598 1200 2658 me
1226 2570 1306 2658 for.

280 2685 344 2770 san
374 2683 609 2770 confudisset.
667 2687 798 2795 ltaque
826 2683 929 2770 hunc
954 2687 1143 2794 Quintum
1167 2711 1305 2776 vocare

280 2797 437 2900 cnidius
455 2795 533 2903 fui,
560 2794 725 2884 Codices
745 2827 767 2884 a
787 2797 884 2883 Viro
904 2799 963 2882 Cl.
985 2805 1091 2904 juxta
1112 2799 1304 2886 annorum

282 2913 408 2998 seriem
438 2915 612 2998 consutos
642 2931 774 3018 ratus,
812 2905 916 3021 quod
944 2911 1046 2996 secus
1072 2908 1213 2996 sosium
1238 2909 1303 2996 de·

284 3023 492 3136 presteudi3
521 3045 703 3116 namaut
730 3051 855 3110 annos
884 3049 965 3116 non
995 3019 1208 3130 inquisivit,
1236 3043 1304 3111 aut

243 3243 246 3250 .
283 3164 415 3239 eorum
437 3141 622 3228 rationem
645 3164 727 3222 non
742 3137 882 3230 habuit.
941 3137 1061 3238 Quod
1079 3135 1181 3218 enim
1201 3134 1303 3226 hunc

285 3247 469 3349 Codicem
498 3249 756 3334 recentissimis
786 3250 1019 3357 temporibus
1048 3247 1224 3354 scriptum
1247 3245 1303 3328 di·

284 3363 366 3460 citl‚
405 3389 487 3448 non
517 3358 666 3447 inficior
703 3359 922 3446 vetustiores
949 3359 1053 3460 esse,
1098 3356 1160 3444 sed
1196 3357 1305 3464 ssusjus

285 3471 506 3560 vetustatem
537 3500 619 3559 nou
647 3470 831 3584 inquistsse
862 3473 998 3562 Virum
1028 3473 1155 3557 Cleo
1176 3491 1303 3580 patet,

285 3582 391 3695 quod
418 3591 504 3696 quia
534 3589 719 3686 recentior
748 3585 959 3687 videretur,
986 3610 1074 3668 eum
1102 3585 1302 3690 rejecerit,

286 3723 403 3806 quum
424 3718 551 3784 tamen
570 3702 655 3814 posi
673 3701 845 3786 Paullum
860 3699 1079 3783 Diaconum
1092 3697 1303 3804 Eutropio,

286 3830 330 3896 ut
358 3811 397 3894 in
425 3817 581 3916 ceteris,
609 3811 806 3917 additum,
834 3814 926 3898 haec
947 3811 1099 3896 inveni:
1128 3866 1157 3912 ‚,
1186 3809 1305 3898 Com-

285 3983 314 4034 „
341 3917 483 4038 posstus
504 3919 558 4012 eu
582 3925 643 4016 hic
660 3927 751 4014 liber
773 3921 947 4014 Viennae
972 3925 1013 4009 in
1033 3919 1184 4020 Ansina
1201 3947 1306 4120 agnon

1166 4093 1197 4144 22
1292 4081 1307 4103 '¹
