2878 4570
525 243 1080 326 TESTIMONIA·
1200 271 1203 280 ’

288 427 348 480 me
368 402 424 479 seu
436 399 623 477 'breviario
640 397 734 474 Hist.
750 399 857 472 Rom.
877 401 977 498 cujus
991 399 1079 474 baec
1093 398 1171 472 sunt
1183 399 1311 486 verbor

287 505 332 592 L.
345 503 496 576 Valerius
501 497 662 593 furulittr
674 514 817 571 mortuus
832 494 899 596 est:
925 541 936 556 ·
951 541 963 556 ·
978 539 991 554 ·
1009 523 1128 572 anuum
1145 498 1310 582 luxerunt,

286 603 420 697 Neque
432 622 518 672 vero
533 597 592 672 hic
607 598 778 670 duntaxat
797 596 916 684 locus,
942 596 1000 672 sed
1022 597 1184 693 pleraque
1205 621 1249 670 ex
1266 600 1314 671 se·

285 701 497 796 quentibns3
531 719 576 768 ex
600 697 732 768 eodem
752 697 914 788 Eutropii
936 695 1119 770 Breviario
1143 699 1313 778 conversa

218 841 220 846 Δ
285 803 387 886 sunt,
412 796 470 874 ubi
498 792 535 878 ἃ
555 818 617 868 nos
633 795 704 889 ipsa
714 795 875 894 Eutropii
890 797 998 868 verba
1011 795 1311 888 interpretationis

288 897 371 970 looo
396 893 627 968 adhibuimus.
676 894 840 964 Ceterum
869 892 959 968 baec
983 893 1143 988 Eutropii
1172 890 1309 982 versio,

284 1017 356 1088 ⁴qua
385 994 495 1066 utitur
517 992 670 1087 Joanues
692 989 954 1074 Antiochenus,
979 988 1016 1062 ur
1035 990 1214 1086 antiquior
1235 991 1308 1080 est,

284 1091 325 1174 ἃ
352 1094 459 1188 longe
480 1089 677 1185 elegantior
698 1113 758 1168 ea,
785 1086 883 1183 cujus
900 1085 1020 1160 auslor
1044 1087 1112 1162 fuit
1126 1089 1308 1173 Paeonius,

284 1193 364 1280 Ac,
391 1183 427 1262 ni
448 1187 569 1274 fallor,
597 1187 672 1282 ejus
700 1185 817 1258 tutior
838 1183 888 1256 est
911 1187 1037 1278 Capito
1056 1187 1205 1278 Lycius,
1231 1185 1311 1258 scri·

282 1307 366 1386 pror
384 1286 560 1374 vetustus,
584 1287 641 1380 qui
663 1287 765 1379 paulo
783 1301 868 1357 ante
887 1303 1044 1380 tempora
1058 1283 1244 1380 Justiniani
1259 1287 1312 1360 vi·

284 1388 351 1459 uit.
377 1383 553 1456 Laudatur
569 1386 663 1454 enim
679 1407 698 1454 a
712 1382 893 1476 Stephano
913 1382 1081 1477 Byzantio
1101 1383 1137 1454 in
1161 1381 1304 1474 brpdlx.

284 1483 394 1555 Vixit
422 1503 540 1552 autem
562 1481 760 1574 Stephanus
777 1479 992 1572 temporibus
1007 1479 1190 1578 Justiniani
1215 1483 1309 1576 Aug,

282 1580 378 1674 ¹quod
407 1580 525 1652 multis
543 1581 756 1673 argumentis
773 1597 991 1673 compertum
1007 1581 1133 1652 babeo.
1158 1579 1216 1650 Ab
1238 1578 1312 1664 hoe

284 1679 462 1772 Capitone
485 1678 647 1773 Eutropii
670 1677 888 1750 breviarium
911 1677 1050 1751 Graece
1070 1677 1308 1765 conversum,

284 1776 383 1850 testis
410 1774 460 1850 est
484 1777 606 1848 Suidas
632 1776 683 1848 llis
708 1776 842 1848 verbis:
869 1788 1010 1858 Καπίτων
1033 1776 1133 1852 urium
1162 1777 1306 1870 stupuit,

284 1873 356 1960 {rot
371 1871 502 1971 ἕγραψιν
520 1875 656 1956 ruamus
676 1877 783 1957 βιὲλία
800 1875 828 1954 u'.
851 1873 955 1971 (lege
974 1871 1004 1954 li
1032 1869 1111 1949 llam
1131 1875 1221 1970 apud
1233 1877 1309 1948 Stes
1361 1941 1364 1950 .

282 1976 437 2070 phanum
461 1976 541 2047 loco
568 1975 678 2046 citato
705 1973 862 2049 laudatur
884 1975 1066 2067 Capitonis
1081 1974 1308 2048 Isauricorutn

282 2073 372 2146 libel·
393 2071 501 2166 XV.)
527 2072 705 2163 petitionum
731 2077 782 2151 ric
806 2079 945 2162 lurrtpirt
969 2073 1106 2158 Eulpaut's.
1158 2072 1310 2158 Proindss

281 2179 355 2252 non
377 2167 510 2264 possum
534 2169 685 2243 assentiri
707 2171 877 2263 Cujacio,
904 2168 964 2262 qui
986 2170 1173 2242 Paeanium
1189 2168 1307 2242 austo-

281 2291 359 2348 rem
380 2270 455 2364 ejus
478 2267 644 2340 versionis
669 2267 849 2359 Eutropii,
875 2287 964 2364 quae
982 2263 1095 2346 exstat
1103 2315 1117 2356 ‚
1142 2264 1307 2352 unum&

283 2364 434 2451 eundem
454 2365 542 2441 fucit
563 2388 643 2438 curn
664 2364 848 2460 Capitone,
887 2365 890 2374 '

358 2527 365 2542 ’
446 2561 525 2644 uu
572 2558 1141 2646 mttnaflunsrnus

280 2751 445 2952 Haec
460 2756 503 2830 de
520 2757 702 2852 Capitonis
718 2754 925 2850 metaphrast
941 2757 1110 2834 Valesius.
1159 2759 1307 2851 Suidae,

404 2857 462 2951 qni
479 2857 552 2953 ejus
570 2857 787 2929 mentionem
803 2856 908 2944 fecit,
922 2859 1033 2930 verba
1048 2860 1202 2955 integra,
1218 2883 1307 2955 quae

280 2977 394 3049 pauca
408 2955 504 3039 sunt,
521 2955 742 3049 praefatione
757 2954 870 3028 nollra
886 2958 997 3031 veteri
1013 2957 1244 3045 exhibentur,
1269 2976 1308 3030 ut

282 3051 533 3144 supervacuum
551 3052 590 3124 stt
605 3063 777 3147 repetere.
806 3055 947 3124 Florum
964 3053 1099 3145 forsan,
1124 3077 1229 3149 quum
1246 3056 1305 3128 Li·
1419 3065 1420 3068 ’

282 3151 381 3222 vium
405 3153 448 3222 ab
471 3151 644 3245 Eutropio
666 3147 884 3223 contratrum
909 3151 1102 3238 scriberet,
1127 3153 1162 3228 in
1186 3151 1307 3228 animo

280 3245 402 3336 suilla,
428 3271 507 3322 curn
528 3251 604 3334 aliis
624 3247 873 3333 sentiebamus,
899 3249 990 3345 quorl
1009 3273 1078 3324 non
1098 3251 1148 3322 ita
1166 3249 1305 3324 int'elle·

281 3345 375 3424 stum
392 3351 556 3432 velimus,
585 3367 621 3420 ut
637 3348 778 3426 Florum
796 3349 937 3441 potius,
954 3371 1058 3444 quam
1074 3346 1305 3442 Eutropium,

282 3447 493 3539 aCapitone
507 3446 712 3518 conversum
729 3447 929 3528 credamus:
956 3446 1014 3522 sed
1030 3446 1122 3544 quod
1139 3448 1307 3542 tempori·

281 3543 346 3614 bus
364 3544 484 3616 Florus
500 3567 579 3616 cum
596 3543 701 3617 Livio
718 3547 827 3640 magis
843 3546 1033 3617 conveniat
1044 3601 1053 3632 ,
1065 3546 1145 3641 quia
1160 3568 1305 3644 uterque

281 3639 318 3712 in
335 3641 491 3736 Augusto
508 3646 551 3716 ab
570 3642 665 3718 Urbe
682 3643 825 3716 condita
840 3643 979 3718 duslam
994 3643 1171 3719 historiam
1189 3647 1307 3722 termis

280 3736 400 3809 navit:
412 3739 600 3833 Eutropius
616 3739 660 3811 ad
674 3740 865 3824 Valentem
882 3765 988 3840 usque
1003 3745 1168 3837 produxit
1183 3741 1221 3817 ἃ
1235 3743 1304 3817 fra,

281 3851 373 3907 trem
393 3836 694 3910 Valentinianum.
747 3841 903 3914 Graecos
920 3841 1013 3914 enim
1029 3845 1088 3940 qui
1105 3844 1239 3917 Latinis
1256 3846 1305 3916 le·

280 3929 405 4048 gendis
421 3933 659 4042 abstinebant,
675 3937 845 4053 Eutropio
860 3939 895 4032 in
910 3941 1012 4030 rebus
1029 3941 1106 4031 usos
1122 3942 1304 4126 videlmus,

1215 4059 1306 4141 unge
