2908 4576
283 311 337 364 ur
387 287 1027 372 PRAEFATIONES.

206 461 636 549 Ravtnunno
678 465 749 548 rit
792 465 1097 558 cunrsro

318 595 518 680 uarat
555 595 641 680 nc
682 597 986 710 nostum,

134 783 1168 920 n.nunoueuo

179 979 374 1051 ABBATs
411 979 599 1052 DOMUS
636 981 954 1052 FAVORINAE
993 986 1136 1058 APUD

287 1079 597 1151 SARUNETAS
639 1084 695 1151 IN
733 1083 1019 1167 RHAETIIS,

437 1175 487 1247 H.
527 1175 858 1250 GLAREANUS

556 1342 591 1415 S.
618 1341 656 1415 P.
680 1343 729 1416 D.

239 1525 401 1602 enostris
418 1525 452 1600 in
471 1523 564 1597 hunc
584 1524 764 1598 authorem
789 1524 1095 1602 lucubrationibus
1115 1528 1170 1604 di·

255 1623 395 1714 ssutus,
422 1627 559 1718 optime
581 1622 736 1696 Antistes
760 1646 801 1694 ac
818 1623 955 1698 Praesul
980 1629 1169 1724 integerri-

133 1743 214 1809 me,
237 1723 389 1816 primum
407 1721 452 1794 de
471 1721 545 1817 ipso
567 1722 714 1794 authore
732 1723 841 1795 uerba
860 1720 1005 1796 faciam:
1032 1747 1101 1798 nec
1116 1729 1167 1816 id,

134 1819 230 1914 quod
252 1817 369 1892 sorsari
392 1821 497 1892 alicui
517 1818 629 1891 videri
654 1819 783 1913 possit,
816 1838 972 1909 temere,
999 1821 1060 1895 sed
1084 1849 1166 1918 pro·

135 1939 184 2011 pe
199 1913 353 1990 coaetus.
406 1917 486 1986 Fuit
502 1917 582 1989 sane
597 1935 683 1988 ante
698 1937 807 1987 annos
824 1917 979 2011 aliquot,
1008 1943 1089 1992 cum
1108 1947 1168 1994 au·

135 2013 258 2086 thotes
281 2013 503 2086 inemendati
527 2016 636 2110 vulgo
659 2012 755 2084 nusso
776 2013 977 2086 discrimine
1007 2017 1171 2108 segeren-

134 2127 227 2198 tur,
264 2109 616 2206 existimarenturque
642 2128 783 2184 veteres
812 2132 854 2182 ac
880 2133 1005 2184 omnes
1028 2117 1168 2210 magni,

131 2207 335 2306 quicunque
362 2210 514 2305 aliquam
546 2209 701 2302 speciem
732 2207 954 2304 antiquitatis
981 2211 1167 2286 haberent.

130 2309 254 2381 Nemo
279 2309 443 2397 Liuium,
468 2309 737 2404 Sassussiumque
754 2307 799 2378 ab
821 2308 929 2380 Aelio
953 2309 1166 2403 spartiano,

127 2407 355 2502 Lampridio,
381 2407 540 2501 Vopisco
558 2407 775 2480 secernebat.
831 2407 956 2478 Cicero
972 2404 1167 2482 &Macro-

129 2503 211 2576 bius
231 2505 457 2591 eodemssoco
481 2505 708 2577 habebantur.
759 2502 806 2576 Et
832 2505 924 2576 inter
947 2505 1166 2578 Grammati-

132 2623 217 2688 cos,
241 2602 403 2674 Donatus
418 2602 594 2673 Prisciano
612 2601 882 2674 conserebatur:
909 2603 984 2674 imo
1010 2601 1166 2696 stupido·

133 2695 393 2788 rutnjudicio,
427 2699 619 2769 Priscianus
641 2697 753 2789 pluris
781 2698 925 2770 Donato
947 2697 1071 2769 fiebat.
1097 2701 1167 2772 hoe

133 2815 243 2866 unum
265 2791 462 2864 seculorum
478 2795 632 2886 priorum
649 2796 777 2865 vitium
793 2793 860 2864 suit
876 2797 1015 2888 ingens.
1069 2796 1168 2867 Aste-

131 2915 211 2966 rum
234 2887 395 2985 pejus&
415 2889 674 2986 perniciosius,
714 2892 808 2983 quod
832 2913 925 2962 nunc
948 2891 1096 2979 dicam,
1132 2894 1169 2964 in

127 2993 224 3088 ipsos
244 2989 352 3062 etiarn
371 2988 539 3060 authores
559 2985 777 3080 injuriosum.
832 2985 972 3086 Quippe
987 3009 1064 3060 mos
1082 3009 1169 3078 erat,

127 3109 170 3164 ut
188 3085 437 3162 insanriffirnus
458 3089 603 3183 quisque
627 3086 766 3180 magnis
791 3087 1017 3170 authoribus,
1049 3085 1107 3157 sed
1133 3091 1168 3160 iu

128 3186 235 3264 sacris
261 3187 384 3259 etiam.
420 3185 514 3280 quod
544 3203 760 3274 praeceptor
785 3179 902 3254 noster
931 3183 977 3254 D.
1006 3183 1194 3257 Erasmus·

129 3283 393 3362 Roterodamus
408 3285 514 3379 saepe
533 3279 571 3355 dc
587 3305 649 3354 ore
664 3279 703 3354 ἂ
720 3281 859 3376 seriptis
872 3278 1014 3376 questus
1033 3277 1093 3352 est.
1115 3284 1168 3357 sta

129 3382 384 3457 mediusfidius
400 3405 481 3456 curn
500 3379 568 3454 hoc
584 3379 726 3454 aussore
744 3381 915 3472 Eutropio
941 3377 1008 3472 (ut
1030 3377 1072 3450 ad
1090 3404 1167 3454 rern

131 3477 284 3552 nostram
299 3479 538 3576 divertamus)
564 3476 682 3550 assum
702 3477 763 3549 esi.
781 3477 933 3550 Primum
945 3477 1020 3572 jam
1040 3499 1163 3552 conta·

131 3578 309 3667 minatus,
338 3579 486 3672 perinde
508 3597 615 3670 atque
637 3573 794 3650 vetustus
817 3576 943 3650 author
969 3575 1159 3672 legebatur.

129 3671 276 3749 Deinde
294 3678 487 3752 nasutiores
512 3693 708 3768 coeperunt
726 3675 844 3747 scabra
860 3673 1030 3768 quaedam
1048 3675 1161 3768 ineu,

129 3795 177 3844 ac
191 3790 328 3844 temere
343 3775 462 3848 addita
479 3771 780 3854 animadvertere,
808 3771 1013 3844 verecunde
1029 3791 1159 3862 tamen,

128 3891 171 3943 ut
192 3869 349 3940 budaeus
371 3872 429 3944 lib.
445 3895 482 3963 5.
511 3872 557 3945 de
580 3867 675 3943 usse.
725 3869 887 3942 Assuerat
911 3870 1006 3944 enim
1028 3871 1089 3960 ei,
1121 3894 1161 3945 ut

127 3967 283 4068 quidam
298 3968 458 4062 tradunt,
471 3969 598 4047 Paulus
612 3969 817 4061 Diaconos,
833 3965 871 4043 dt
885 3967 1063 4062 insuerat,
1088 3971 1162 4042 imo

687 4069 710 4111 ⁴
733 4087 754 4163 3
1102 4065 1168 4162 (ut
