2868 4546
317 183 1021 286 PRA'EFATIO.

156 397 443 620 §istoru
462 389 921 615 i-ttrs'trosti‘²
950 356 1060 480 Pr

212 623 277 704 De
302 615 571 728 Bnfileenfihns
602 617 649 702 Β.
669 645 723 725 pr.
758 617 814 722 ἐξ
840 617 887 704 Β.
905 618 985 706 Ser.
1016 621 1192 726 unaing

156 748 321 846 praeto
334 733 421 841 jam
438 725 567 834 droa,
596 731 694 816 nihil
710 729 850 830 hoico,
878 733 979 844 quod
998 733 1149 832 addam.

211 846 384 956 Quintus
400 861 527 930 antem
544 841 595 948 est
612 845 727 928 codex
746 846 1069 947 reconcinnetur,
1081 868 1194 957 quent·

143 955 225 1070 sthi
238 953 313 1068 siro
336 980 428 1042 nere
454 971 754 1067 comparaverat
781 960 826 1042 V.
852 959 908 1042 Cl.
929 963 975 1044 P.
997 961 1190 1044 Bormon-

154 1091 227 1155 nus
235 1074 312 1154 Sec.
321 1067 519 1179 prioribus
527 1073 675 1153 minime
683 1067 859 1168 inferior.
873 1071 1189 1184 Prnefigrbarnr.

266 1178 462 1266 francisco
484 1181 650 1290 Borgiae
669 1182 767 1266 Viro
793 1184 921 1284 claro,
949 1185 1036 1267 sacri
1056 1181 1191 1266 aerarii

265 1290 522 1380 emeseno&
541 1315 604 1377 vu
633 1293 716 1379 viro
745 1293 928 1380 Comesse
941 1293 1190 1410 Apostolicae

267 1405 505 1510 Pomponius
532 1405 681 1490 Laetus.

150 1515 303 1606 Adsero
334 1519 403 1602 tibi
432 1519 630 1602 Romanas
651 1516 836 1602 Historias
867 1545 1057 1606 nouorum
1079 1519 1190 1604 ‘mille

153 1633 200 1716 C.
230 1629 273 1712 &
302 1632 431 1738 paullo
466 1631 629 1736 amplius
663 1631 688 1733 (
700 1653 812 1736 quam
836 1629 920 1722 ¹scio
951 1635 1189 1736 summopere

151 1745 330 1852 placere)
369 1743 409 1822 in
438 1737 711 1847 compendium
731 1737 899 1824 reduetus
921 1741 970 1822 ab
990 1739 1098 1824 Rufo
1116 1739 1147 1824 F
1149 1763 1194 1820 e·.

152 1851 212 1936 sto
239 1851 347 1935 aliter
369 1867 532 1958 vpropter
563 1875 723 1960 magnus
751 1855 1055 1958 occupationes,
1095 1877 1190 1958 quos

152 1963 194 2048 iu
215 1961 326 2048 rebus
343 1961 502 2072 publicis
520 1955 672 2046 adfidue
691 1961 827 2068 habes,
850 1965 976 2076 legere
997 1989 1078 2047 non
1099 1989 1190 2070 por·

149 2078 230 2178 ks,
269 2073 354 2185 post
387 2075 516 2183 puuilo
538 2071 677 2158 addam
709 2075 783 2186 ipse
810 2101 927 2184 usque
947 2073 995 2160 ad
1013 2076 1188 2162 oceasum

151 2183 334 2386 ῗξῖἓῗζῖζὲ
362 2185 1102 2411 reticuistiisss‘ssoiiisitii
1128 2186 1189 2386 ‘ii

151 2417 412 2523 qualecunque
439 2410 553 2496 feerit
583 2437 665 2495 non
699 2413 892 2524 ingratum
924 2412 1074 2497 leuioris
1103 2410 1189 2496 fore

151 2523 339 2608 existimo.
395 2525 445 2607 Et
464 2551 546 2608 non
565 2523 656 2608 mihi
675 2523 735 2607 sed
754 2525 847 2624 ribi,
874 2535 980 2632 cujus
996 2521 1117 2610 cauffo
1137 2517 1188 2607 nd

150 2635 295 2720 exitum
316 2634 423 2720 labor
442 2635 656 2744 pervenerit
672 2632 810 2720 debere
827 2637 884 2739 st,
913 2640 978 2744 qui
999 2639 1188 2749 legerint,

149 2745 381 2840 fatebuntur.
441 2750 583 2858 Inspice
613 2747 686 2832 hoc
714 2750 858 2832 interea
889 2773 1037 2834 memor
1065 2748 1187 2834 litera·
1336 2803 1345 2812 -

148 2889 234 2947 rurn
248 2923 260 2964 ‚
287 2859 488 2971 felicesque
520 2859 587 2944 tibi
612 2860 729 2970 (quia
761 2859 945 2968 mereris)
973 2885 1188 2970 prorogetu-

147 2987 210 3062 tur
247 2975 350 3061 anui.
420 2972 511 3083 Post
541 2972 685 3082 Festum
716 2967 768 3061 'tri
796 2971 923 3060 eadem
951 2999 1065 3059 mann
1082 2969 1219 3092 scri0'
1276 2988 1279 2998 '

147 3103 255 3199 ptum
271 3085 370 3175 illud
382 3085 599 3200 promtffirm
611 3101 701 3196 opus
719 3087 848 3172 altero
869 3086 980 3196 duplo
995 3083 1185 3197 majusse·

176 3203 341 3285 uebatur
368 3225 452 3284 cnm
482 3198 554 3285 hnc
579 3197 823 3312 insiriptione
851 3197 984 3284 Brevis
1004 3197 1186 3280 Narratio

147 3225 199 3395 ge
219 3307 385 3396 Historia
408 3313 613 3414 Romana,
637 3309 686 3395 ab
706 3310 812 3397 obitu
834 3311 987 3424 Joviani
1009 3303 1186 3417 usquead

146 3419 340 3508 interitum
378 3424 670 3509 Heracliorumt
716 3421 764 3506 ad
805 3423 1040 3507 Franciscum
1088 3421 1185 3504 Bor.

147 3536 262 3648 giam.
326 3537 443 3622 Hune
473 3551 601 3622 antem
630 3551 676 3620 nt
704 3537 756 3621 ab
790 3550 953 3650 utroque
984 3531 1188 3648 Bnstleenst

145 3643 435 3758 distinguntur,
465 3649 596 3734 Burru.
617 3647 746 3760 adpell
764 3711 772 3730 .

202 3761 293 3846 Has
312 3785 408 3846 vero
424 3759 678 3874 discrepantes
700 3757 897 3849 Leiiiones
916 3759 1112 3872 diligentes
1120 3785 1186 3848 ns-

143 3873 197 3968 tis
220 3869 392 3989 insonui,
416 3879 533 3964 etiam
551 3879 792 3975 minutiores,
822 3871 1044 3990 quaisnepe
1064 3901 1184 3962 nnen.

534 4007 536 4018 ’
663 3983 821 4104 seer„
1067 3981 1187 4082 tandi
