2866 4534
285 281 355 370 354
460 246 754 324 nuru‘ourr
802 221 948 324 ursi.
1002 251 1145 330 uotu.

710 371 723 398 ἱ

281 453 379 510 ream
397 424 474 499 ttsut
500 425 585 500 avit.
613 422 775 498 Multas·
794 441 911 499 tamen
928 426 1178 504 calamitatesb
1193 433 1323 514 iisdem

290 531 389 604 bellis
412 550 456 623 pa
487 549 523 596 us
549 521 609 596 est.
636 545 716 594 nam
738 521 772 594 in
786 536 802 573 ⁰
817 525 988 600 Sarmatia
1003 529 1020 578 ‘¹
1036 527 1131 626 legio
1148 533 1224 631 ejus
1242 560 1327 612 cum

289 627 380 706 duce
394 621 605 716 iuterfema:
631 615 670 691 ἃ
686 644 705 692 a
720 621 828 695 Dacis
845 628 860 663 ⁰
881 623 1021 718 Oppius
1033 628 1184 704 Sabinus
1199 634 1324 708 consu·

291 727 395 814 laris,
419 719 458 793 ἃ
481 721 662 793 Cornelius
682 713 696 761 f
716 719 864 808 Fuscus,
896 723 1096 816 praefefiius
1119 735 1326 825 praetorio,

295 847 377 898 cum
390 819 526 918 magnis
547 816 790 893 exercitibusg
807 817 912 892 occist
927 823 1019 896 sunt.
1054 827 1195 903 Romae
1209 831 1224 878 '¹
1238 856 1326 929 quo-

1252 954 1326 1026 que

480 1040 716 1108 Vuurnn
774 1039 1137 1114 Lucarours.

293 1236 295 1250 .
331 1192 403 1251 aL.
424 1189 450 1250 &
469 1187 612 1264 Sylburgii
631 1185 672 1245 est
690 1203 744 1263 pro
764 1189 873 1263 vulgari
893 1193 1005 1266 quidem.

330 1271 351 1326 b
369 1269 425 1327 His
441 1265 532 1340 Lugd.
553 1267 616 1323 Bat.
636 1282 665 1336 4.
684 1265 784 1326 hisdem
804 1281 830 1338 5.
850 1267 951 1330 hisdem
970 1273 1000 1328 in
1017 1287 1046 1330 2.

277 1359 280 1364 “
331 1343 493 1402 cSormotis
510 1339 603 1416 Lugd.
623 1341 686 1400 Bat.
707 1360 735 1414 4.

331 1420 421 1478 dul.
448 1420 562 1495 legiones
587 1418 644 1494 our
668 1435 727 1476 cum
753 1419 818 1478 duce
844 1421 1003 1500 interisset.
1022 1421 1108 1500 Legio
1124 1423 1269 1502 imerfello
1288 1427 1327 1503 est

292 1497 385 1572 Lugd.
406 1498 468 1553 But.
492 1512 518 1552 2.
539 1510 566 1565 3.
586 1513 614 1568 4.
634 1493 843 1574 imerfeiinsest
864 1517 890 1558 1.

331 1591 348 1632 e
368 1573 470 1647 Oppius
490 1571 581 1646 Lugd.
600 1573 664 1630 Bar.
686 1588 712 1630 2.
731 1589 758 1646 3.
778 1591 806 1648 4.
823 1591 850 1647 ς.
870 1577 903 1638 Β.
922 1577 962 1634 Ν.
981 1574 1018 1634 G.
1038 1575 1132 1651 Ulpius
1149 1575 1243 1655 Lugd.
1256 1581 1325 1639 Bar.

294 1669 319 1710 1.
338 1653 440 1724 Appius
460 1649 546 1722 Vulg.

329 1725 457 1786 sFurcus
476 1727 513 1784 G.
533 1724 579 1784 Sc.
599 1724 691 1800 Lugd.
711 1729 776 1788 Bat.
796 1746 825 1790 2.
845 1744 872 1802 3.
894 1748 914 1804 4
932 1729 1066 1793 Praetorii
1084 1746 1111 1788 2.

330 1824 350 1877 g
370 1799 480 1878 Occisus
498 1797 535 1877 est
554 1801 646 1876 Lugd.
665 1803 728 1863 Bar.
749 1821 776 1876 3.

331 1881 494 1966 opumque
515 1877 607 1956 Lugd.
626 1881 690 1940 Bar.
711 1899 738 1941 a.

660 2017 963 2089 Nonou.

327 2163 476 2228 [surpatio]
493 2167 532 2212 De
551 2165 663 2214 Sarmatis
685 2171 792 2217 lauream
859 2167 891 2214 Es
906 2165 1103 2226 Corneliuss'ufiar
1112 2167 1142 2230 ‚]
1154 2169 1193 2216 De
1204 2171 1327 2220 noceor·

295 2233 370 2278 modo
390 2229 533 2288 Capitolino
551 2230 610 2292 Jovi
627 2231 719 2279 retulit.
734 2235 792 2278 Sue·
830 2229 896 2276 neiio
916 2229 993 2277 Fusco
1011 2229 1110 2278 Tacitus
1127 2233 1165 2278 lib.
1183 2245 1257 2280 xvur.
1282 2235 1327 2283 ulti

297 2305 349 2340 ton.
376 2303 409 2338 vr.
433 2295 500 2348 quod
525 2293 603 2340 miror
625 2295 655 2341 ab
673 2293 792 2352 Eutropio
829 2293 930 2339 uloefici
948 2304 977 2342 ac
994 2293 1126 2340 Pannonici
1148 2295 1245 2341 trahunt
1262 2297 1327 2345 Dal-

293 2355 510 2414 praetermissum:
528 2367 585 2402 num
607 2355 665 2404 iude
685 2358 791 2411 constat,
829 2355 942 2401 ruoticum
966 2354 1072 2402 militem
1099 2355 1129 2403 ad
1154 2357 1330 2408 resectionem

298 2419 408 2465 laureum
426 2419 484 2479 Jovi
510 2417 623 2477 referre,
645 2421 725 2470 minus
744 2419 790 2466 else
829 2429 915 2464 contra
933 2415 1069 2466 Vitellium.
1108 2417 1332 2471 Etsuetoniussi·

295 2493 369 2540 quum
387 2479 588 2539 triumphares.
604 2483 629 2531 s.
828 2482 873 2528 snio
888 2493 922 2528 tn.
937 2481 960 2527 δι
977 2481 1091 2542 Juvenal.
1111 2484 1330 2544 &tyrunculum

328 2543 492 2608 Calas-itam]
510 2545 668 2594 Enorcitnum
694 2545 791 2606 litotes.
862 2543 990 2605 Prosfillus
1001 2543 1144 2608 μανίη]
1159 2547 1185 2594 id
1204 2546 1259 2606 cll,
1285 2561 1330 2596 co·

293 2609 378 2658 etun.
829 2608 935 2656 hortium
953 2608 1171 2666 praetorianorum.
1185 2609 1271 2658 Gonu.
1281 2613 1330 2659 Ve-

328 2673 396 2732 Legr'o
413 2673 574 2730 ejusne-raiaco
591 2669 722 2734 interficia]
737 2669 793 2718 Fui·
831 2683 897 2718 teres
915 2683 1015 2718 omnem
1032 2672 1197 2730 Magistratum
1207 2707 1215 2734 ‚
1225 2675 1265 2722 cui
1283 2687 1328 2732 pa·

296 2737 374 2784 deuiis
389 2737 443 2797 legio
461 2737 578 2798 interfusa
596 2769 605 2794 ‚
626 2733 794 2794 populariter,
832 2747 899 2782 reret
917 2735 1065 2793 exercitus,
1097 2737 1237 2783 Praetorem
1254 2751 1332 2785 voca·

297 2801 320 2846 st
339 2800 513 2857 ulttupluastes
528 2803 618 2858 eisne
633 2795 662 2844 ir.
690 2798 793 2846 Videtur
832 2798 945 2855 bant,&
971 2797 1124 2847 Praetorium
1144 2799 1328 2860 tabernaculum

296 2861 430 2920 significare
458 2862 578 2918 legionem
600 2862 712 2910 Flauiam.
742 2859 793 2908 Alii
833 2859 894 2916 ejus.
920 2860 979 2908 iude
996 2861 1136 2910 praescistis
1150 2862 1274 2911 Praesumo
1289 2867 1328 2912 dl-

297 2927 389 2985 ltglones
407 2925 542 2986 interfluat.
556 2925 633 2970 Corn.
833 2923 952 2983 sebatur,
966 2923 1007 2982 qui
1022 2923 1053 2974 iis
1071 2924 1187 2974 militibus
1204 2937 1327 2986 praeerat,

329 2989 414 3048 Appius
432 2985 545 3048 Sabinus]
571 2987 652 3047 oppius
676 2983 711 3030 est
735 2983 794 3030 Sue·
833 2999 896 3044 quos
920 2987 1057 3044 Imperator
1084 2989 1110 3035 in
1130 2987 1168 3036 -sui
1192 2989 1328 3038 custodiant
1403 3027 1404 3048 3

300 3060 352 3098 ton.
371 3053 408 3098 ris.
425 3063 456 3096 vt.
481 3051 563 3098 Gonu.
601 3051 628 3096 sn
645 3050 717 3096 Dacos
734 3048 794 3094 duas
831 3050 945 3098 habebat.
959 3052 1056 3111 Capreis
1070 3053 1243 3114 ofsbsGuards.
1257 3054 1326 3101 Μ’.

297 3113 487 3172 (expeditiones
515 3111 619 3169 suscepit
638 3111 667 3172 t)
690 3109 794 3168 primam
864 3115 947 3160 umas
974 3111 1069 3176 qusque]
1091 3115 1170 3163 Miror
1196 3115 1253 3173 quid
1280 3117 1327 3177 ut,

299 3175 381 3234 Appio
399 3175 489 3223 Sabino
509 3175 622 3234 oppresso
638 3188 644 3220 r
662 3173 793 3221 secundam
833 3177 900 3234 quod
913 3179 973 3224 ltoec
989 3179 1020 3224 de
1034 3177 1281 3226 Domitioui'Romnc
1298 3193 1328 3225 o-

297 3237 417 3285 Cornelio
440 3239 517 3285 Fusco
551 3235 677 3284 Prtcfemo
706 3239 794 3284 cohor·
832 3239 1115 3296 peribus,omuiasere
1134 3241 1283 3289 adverbum
1302 3243 1328 3291 in

299 3301 359 3349 tium
374 3301 595 3349 Praetoriannrum.
609 3303 707 3348 sueton.
725 3301 754 3346 Δ.
768 3299 793 3346 F.
832 3302 919 3350 Latino
927 3302 1021 3350 Eusebii
1030 3303 1156 3351 Chronico
1164 3305 1326 3363 reperiantur:

300 3368 382 3427 Oppius
399 3361 448 3420 iam
467 3363 586 3420 rescripsit
603 3365 642 3412 Cl.
657 3363 793 3420 Grunerus‚
833 3365 1327 3428 atquevellem‚Domitiuchldtriuus,

299 3433 355 3486 quia
370 3427 450 3476 Codd.
465 3427 601 3474 nostrorum
621 3425 697 3474 linem
712 3437 793 3473 tuctur
833 3427 931 3476 Coelius
946 3429 1110 3488 Rhodigious,
1123 3430 1326 3487 Barptolomaeus

296 3494 397 3539 sueton.
416 3503 438 3537 c.
457 3503 490 3538 vt.
505 3490 562 3537 vide
580 3502 643 3548 quoe
664 3489 742 3536 laudat
760 3487 794 3536 ibi
832 3490 981 3548 Mursianus,
997 3495 1019 3538 δι
1038 3492 1151 3542 nonnulli
1171 3494 1212 3541 olli
1226 3495 1326 3558 diligen:

298 3554 354 3601 cel.
371 3553 578 3618 Oudendorpius,
602 3551 636 3600 uti
653 3553 676 3599 u
691 3552 722 3600 de
740 3553 793 3599 Cas·
833 3553 880 3601 tius
909 3554 1048 3611 quiessent
1066 3590 1076 3614 ‚
1101 3557 1325 3616 monstratumque,

296 3617 325 3662 sis
341 3617 362 3661 δι
380 3617 457 3664 Dacis.
472 3618 554 3664 Vnurr.
832 3615 890 3672 quid
916 3617 960 3664 stuc
980 3617 1069 3666 Forum
1095 3619 1213 3678 Neruae,
1237 3621 1327 3669 Forum

330 3677 494 3741 conficiaris,]
525 3682 598 3726 Anno
635 3677 720 3725 Christi
754 3679 793 3728 86.
832 3676 949 3738 Traiani,
964 3679 1054 3729 Forum
1072 3683 1264 3741 Transtorium‚
1281 3685 1326 3732 Fo-

298 3740 382 3788 Gtun.
405 3743 453 3802 Qui
473 3740 522 3796 jum
543 3741 677 3790 Consulum
697 3740 794 3790 functus
831 3753 884 3789 rum
914 3743 1078 3804 Metodeum,
1099 3747 1327 3808 Odeum‚lseutn‚

294 3802 392 3859 suerat,
415 3805 438 3851 ἀ
460 3817 549 3854 revera
574 3805 668 3862 Appius
693 3805 792 3853 Sabinus
830 3805 973 3864 Serapeum.
1007 3808 1113 3857 Primum
1141 3809 1208 3860 enin
1227 3811 1327 3859 dubium

294 3864 387 3912 Consul
403 3865 481 3914 suctos
499 3880 554 3916 cum
564 3867 726 3932 Doruitiauo,
742 3871 791 3918 An.
830 3869 877 3915 else
893 3871 988 3929 potest,
1003 3883 1110 3920 unumne
1133 3866 1215 3920 iorum
1233 3875 1275 3930 m,
1296 3889 1327 3922 un

293 3917 331 3973 U?
343 3925 372 3974 C.
388 3929 443 3981 836.
459 3931 491 3977 A.
507 3931 534 3980 1².
829 3933 904 3996 duo,
926 3933 1026 3987 uenae
1052 3937 1077 3988 ss
1107 3934 1207 3995 Traiani
1226 3936 1330 4058 stariumd

1274 4012 1307 4049 uo
