2862 4536
368 207 917 287 DEDICATIQ

133 393 354 512 perfecistis.
412 387 569 476 Credite
595 388 712 492 mihi,
747 389 1183 502 summietrtton1;

136 538 221 597 non
249 504 386 591 nostris
415 501 555 586 finibus
584 501 692 608 hujus
719 503 898 612 praeclari
925 496 1082 592 instituti
1118 503 1176 595 fa:¹

135 650 199 709 ma
225 621 454 706 continetur.
513 616 610 699 Late
636 618 699 699 illa
726 617 943 719 emanavit,
977 615 1018 702 δι
1051 618 1092 702 in
1111 644 1178 704 ex.

137 755 241 820 teros
268 735 302 816 se
334 729 500 841 populos
532 752 684 836 quoque
710 725 885 830 infudit,
924 732 990 836 qui
1019 727 1179 818 laudant

137 849 355 954 inceptum,
381 851 534 948 ejusque
564 861 825 925 ausrrcnrr
858 839 897 922 in
928 845 1077 927 coelum
1105 845 1180 929 tol·

140 963 250 1061 lunt,
291 981 361 1039 nec
394 953 522 1038 vestris
554 947 742 1055 consiliis,
770 952 1005 1058 hortatibus,
1033 955 1075 1039 &
1103 953 1179 1041 stu·

138 1069 206 1158 dio
229 1067 319 1178 quid
348 1065 551 1172 debeatur,
581 1092 663 1149 non
691 1067 924 1178 intelligunt.
987 1069 1180 1178 Exemplo

138 1179 264 1267 vessro
293 1181 446 1264 excitati
466 1181 591 1289 plures
611 1176 711 1264 idem
737 1175 1032 1289 adgrediuntur,
1059 1179 1102 1264 dc
1120 1207 1181 1266 re·

139 1290 355 1382 suscitandis
383 1292 454 1375 illis
484 1289 638 1394 studiis,
665 1317 762 1400 quae
790 1293 929 1400 sepulta
959 1299 1180 1398 iacuerunt,

141 1433 297 1515 operam
326 1402 474 1489 dabunt
496 1403 572 1504 ita,
600 1423 642 1488 ut
668 1404 789 1512 prima
818 1427 913 1489 vos
937 1407 1060 1519 gloria
1080 1407 1181 1492 iliius

142 1517 300 1604 instituti
334 1533 496 1602 mancat.
556 1512 679 1620 Quod
709 1513 878 1600 fiexteri
912 1543 1062 1626 quoque
1093 1542 1182 1604 vo·

142 1653 223 1716 nis
252 1631 391 1738 gratias
429 1651 542 1738 agere
568 1625 770 1738 gestiunt3
811 1624 902 1734 quid
932 1657 1003 1712 nos
1031 1628 1180 1716 decebit

141 1745 184 1826 dc
203 1741 332 1824 Musas
359 1737 528 1856 postras,
567 1736 701 1843 quibus
734 1739 934 1845 praecipue
964 1739 1055 1824 illud
1088 1769 1182 1826 con·

142 1851 263 1936 filium
301 1849 462 1933 vestrum
496 1849 652 1931 salutare
681 1846 777 1932 fuit?
805 1846 910 1955 quod
943 1852 1029 1956 quia
1062 1852 1114 1935 ita
1139 1855 1180 1938 in

142 1961 333 2076 publicam
362 1957 511 2043 laudem
540 1961 665 2065 exiit3
702 1962 830 2070 utique
860 1961 1009 2069 publice
1036 1959 1181 2050 facium

142 2072 307 2160 vestrum
345 2068 612 2158 celebrandum
652 2069 738 2174 est,
782 2091 853 2176 ut,
891 2098 968 2181 quo
1002 2076 1182 2162 omnibus

141 2189 334 2274 consulere
363 2181 555 2284 voluistis,
584 2190 662 2290 ejus
689 2211 823 2271 omnes
847 2187 960 2270 etiam
986 2212 1086 2273 vos
1114 2217 1181 2274 au-

142 2303 266 2386 diores
289 2295 393 2382 fuiffe
414 2296 655 2408 cognoscant.
725 2300 811 2411 Ego
829 2299 938 2407 sane,
970 2301 1180 2390 litterarum
1224 2308 1227 2316 ’

142 2414 250 2500 sacris
273 2409 424 2496 antistes
449 2407 703 2520 pracpoiitus3
731 2412 903 2520 inprimis
921 2440 983 2498 me
1004 2409 1043 2498 id
1063 2441 1179 2528 agere

143 2523 311 2626 institui,
337 2541 403 2624 ut,
433 2544 617 2629 quantum
647 2527 686 2605 in
717 2549 778 2606 me
808 2519 917 2607 fitum
938 2523 1015 2628 est,
1044 2553 1094 2611 ne
1122 2529 1181 2610 in·

145 2657 277 2750 gratae
305 2660 472 2743 unquam
505 2633 654 2720 nostrae
679 2635 811 2720 Musae
832 2633 1043 2721 videantur.
1099 2637 1181 2722 Alii

147 2747 324 2857 privatim
342 2749 483 2858 gratias
505 2768 655 2858 agant,
683 2772 774 2854 quas
796 2772 866 2831 nec
887 2774 960 2830 nos
982 2773 1094 2860 agere
1114 2745 1181 2832 de-

143 2859 328 2947 finemus:
346 2857 450 2967 quod
470 2886 561 2944 vero
579 2857 801 2944 beneficium
825 2857 1018 2969 publicum
1037 2858 1182 2947 fadum

145 2971 222 3073 cst,
251 2969 317 3072 da,
344 2997 392 3054 ex
413 2971 532 3056 vestra
557 2999 645 3055 cura
666 2971 708 3054 dc
732 2971 1091 3076 commendatione,
1112 3000 1182 3082 pu·

144 3087 246 3172 blico
274 3087 396 3168 sumtu
431 3083 683 3190 sustentatur3
728 3086 857 3193 utique
897 3086 1046 3196 publice
1075 3083 1183 3170 decet
1285 3165 1290 3179 ,

148 3197 351 3300 declarari,
391 3217 533 3308 quanta
571 3199 611 3280 in
649 3222 721 3279 nos
759 3197 878 3282 vestra
918 3199 1183 3284 benevolentia

148 3305 218 3408 sit,
246 3305 288 3389 δι
305 3335 401 3416 quae
426 3311 468 3392 in
491 3308 603 3395 nobis
620 3307 729 3393 vestri
750 3313 889 3394 amoris
907 3333 1020 3420 atque
1039 3311 1184 3420 gratiae

147 3419 393 3508 observantia.
463 3419 585 3528 Quod
612 3448 706 3534 ergo
735 3419 824 3506 mibi
852 3449 956 3508 nunc
983 3423 1183 3510 subnatum

146 3531 203 3620 est
240 3537 490 3637 opusculum,
528 3557 712 3637 vonis,
750 3557 992 3620 raruour
1027 3535 1184 3641 summi,

147 3665 330 3753 tanquam
361 3646 544 3754 primitias
562 3647 714 3758 collegii
738 3649 1015 3760 elegantiorum
1045 3648 1184 3733 littera·

148 3782 259 3857 rum,
290 3755 413 3840 vestro
439 3755 564 3846 studio
592 3780 704 3868 atque
731 3756 894 3844 confiliis
917 3757 1100 3863 instituti,
1128 3757 1186 3843 di-

145 3897 197 3974 co
225 3889 337 3981 atque
366 3865 519 3982 offero,
558 3867 645 3971 otii
679 3897 753 3981 qua
783 3870 906 3984 gratia
937 3869 1045 3981 hujus
1072 3871 1187 3997 libelli

1092 4000 1187 4090 eut,
