2868 4568
249 227 287 264 f
414 198 1122 322 eontentio·

239 429 392 544 perium
411 425 577 539 ineepsffl
598 425 742 515 tradet
760 427 987 515 Anemo.
1014 457 1089 546 quo
1113 461 1135 520 e
1155 432 1295 544 Nplri

244 542 386 630 calculo
423 542 716 628 Valentinianus
744 542 779 626 l.
819 539 883 644 ἐφ’.
908 545 1051 630 Valens
1092 550 1289 656 inperare

244 668 456 765 coepaum.
513 655 647 766 Neque
666 650 752 738 huic
769 651 935 746 titettnn
953 652 1212 765 consecratum
1239 691 1284 750 a·

239 781 354 878 perte
379 763 484 850 dotet
510 763 699 874 clausula,
727 781 769 848 ut
800 763 850 848 ad
878 764 977 851 hanc
1009 769 1207 882 ingentem
1235 771 1285 859 de

176 965 178 968 ,
242 875 409 980 Gothis,
436 878 549 960 esiam
571 876 833 987 Babylonicoe
855 877 923 960 tibi
947 881 1074 986 palmo
1094 884 1199 992 pacis
1219 913 1278 970 ac-

150 1005 153 1012 ’
240 988 361 1106 oedot.
419 989 536 1076 lllihil
560 995 656 1076 enin
685 987 741 1075 ad
770 989 1111 1098 Valentinianum,
1145 1000 1213 1109 qui
1238 1002 1278 1082 in

240 1101 461 1202 Occidente,
480 1100 554 1209 sed
564 1102 784 1201 Valenten,
812 1104 936 1214 quiin
955 1105 1119 1192 Oriente
1138 1133 1277 1218 regno·

239 1215 342 1315 hat,
382 1217 553 1324 pertinet
582 1213 653 1300 illa
678 1207 883 1300 uilloria:
923 1216 1145 1330 Bellunque
1182 1219 1281 1306 illud

241 1326 443 1413 Gothicum
462 1329 598 1435 incepit
616 1349 715 1410 anno
738 1319 899 1434 Inperti
919 1332 1059 1430 tertio,
1088 1329 1277 1417 durauit-

237 1463 313 1552 que
326 1439 558 1537 triennium,
580 1452 625 1522 ut
635 1433 751 1544 sexto
768 1461 870 1520 anno
882 1431 1088 1548 panfella
1102 1439 1172 1544 fit,
1193 1465 1272 1550 quo

236 1565 402 1660 tmepore
421 1547 569 1650 Rufum
578 1544 763 1659 scripfiffe
782 1545 838 1652 ἐρ’
864 1543 1053 1658 ahsoluiffe
1076 1548 1140 1634 hoc
1162 1565 1270 1660 opus-

235 1659 360 1748 eulun
377 1653 482 1746 reete
492 1659 644 1769 judicat
662 1662 820 1770 Pagius.
869 1661 1109 1770 Quanquam
1135 1665 1169 1748 ei
1196 1688 1272 1748 non

236 1769 455 1883 aelsentior,
483 1786 530 1856 ut
560 1787 699 1856 contra
727 1768 914 1880 Valeſsun
933 1772 987 1860 ad
1003 1773 1273 1860 Theodoretunt

234 1883 460 1988 contendit,
501 1883 698 1970 Valentem
738 1881 875 1968 Gothis
909 1882 1181 1972 rebellantibus
1215 1885 1271 1990 &i

233 1996 442 2088 dhraciatn
478 1992 564 2079 dein
597 1993 837 2102 uastantibus
865 1995 1131 2081 Valentiniani
1170 2014 1268 2106 opens

228 2105 468 2217 imploratio,
495 2103 591 2190 unde
610 2110 669 2206 ei,
694 2109 762 2220 qni
781 2110 905 2192 onnia
926 2122 1001 2217 pro
1025 2107 1198 2196 arbitrio
1231 2136 1267 2195 e·
1407 2159 1408 2220 ,

228 2217 344 2332 gille,
371 2221 431 2304 ita
448 2229 499 2302 'ut
528 2217 669 2303 Valens
695 2218 804 2330 quast
827 2223 1038 2328 apparitor
1065 2225 1102 2306 ei
1130 2245 1267 2306 nooreen
1407 2231 1408 2244 '

227 2325 410 2442 geffifflt,
436 2327 558 2416 tideus¹
577 2332 702 2440 Pugio
725 2328 894 2432 dicitur,
920 2344 1119 2443 tanquan
1140 2329 1268 2420 Villo·
1406 2415 1407 2442 ÷

230 2445 275 2530 ri
291 2440 387 2528 huno
404 2440 569 2528 libellum
586 2439 803 2550 inleripfiffe
813 2439 926 2550 sorte
944 2443 1015 2528 alii
1040 2447 1263 2555 conjiciunt,
1406 2449 1407 2458 '

230 2581 321 2640 nan
353 2578 435 2644 eom
452 2553 563 2665 fuisse
586 2566 793 2664 negatam,
821 2553 988 2642 tradunt
1004 2553 1265 2667 Theophanes,

231 2665 489 2758 Theodoretus
509 2665 566 2770 i?
592 2663 782 2753 cedrenus
791 2721 805 2766 ‚
805 2691 1061 2883 opuanquatn
1086 2684 1175 2753 tota
1204 2693 1269 2757 res
1405 2711 1406 2785 ,

228 2775 369 2866 Doliis
383 2776 521 2866 one‘rito
532 2773 717 2889 snspella.
768 2781 805 2865 P
858 2805 905 2864 ea
924 2803 1042 2884 uero,
1070 2804 1151 2864 ouen
1165 2807 1263 2891 gra·

228 2895 358 2978 vines
378 2891 737 2998 inaetfionesseoere
752 2889 862 2975 iidem
882 2887 1026 2994 Gothi,
1045 2917 1117 2978 non
1133 2917 1161 2976 a
1179 2893 1263 2978 Va·
1404 2999 1405 3014 ζ

228 3003 437 3093 lentiniano
443 2999 614 3110 fratre,
641 3027 729 3088 naen
750 2997 810 3087 hic
827 3004 914 3112 jaon
942 3000 1112 3096 obierat,
1139 3029 1260 3116 neque
1404 3025 1405 3059 ¹

226 3117 308 3226 ejus
316 3113 402 3224 filio
419 3115 690 3200 Valentiniano
707 3109 765 3200 II.
819 3119 859 3198 ui
875 3129 973 3222 puer
992 3111 1259 3230 quadriennis,
1403 3161 1404 3223 3

215 3227 291 3340 sed
314 3227 442 3313 altero
458 3225 619 3334 fratris
639 3225 724 3333 filio
757 3141 818 3330 &q
1403 3235 1404 3245 ‘

224 3339 415 3428 auxilium
437 3342 554 3449 petiit
576 3337 739 3437 Valens,
768 3362 842 3452 quo
869 3363 941 3422 non
962 3331 1179 3452 exspoliato
1203 3335 1260 3447 5?

829 3219 1035 3336 sueoeffore
1060 3227 1261 3312 Gratiano
1403 3247 1404 3254 ‘

224 3447 465 3561 inconftsltius
490 3473 571 3534 aaut
605 3447 743 3538 Gothis
762 3445 868 3560 fitlus
890 3447 1099 3558 tongreffies
1126 3457 1254 3562 periit.
1402 3463 1403 3520 l

224 3561 303 3646 His
332 3588 427 3648 nero
463 3559 519 3665 &s
552 3561 642 3648 aliis
661 3565 750 3648 noeis
768 3559 965 3654 conatihus
973 3561 1105 3672 saue,
1124 3565 1257 3676 Aeque
1402 3569 1403 3604 ³

222 3665 395 3780 Lelior,
424 3672 480 3779 ἐφ’
506 3675 605 3762 oole.
