2918 4590
255 315 306 384 n
457 277 1079 374 DEDICATIOE
1221 344 1222 347 κ

260 481 406 586 lucem
440 483 635 581 emittat:
685 471 749 574 lta
780 473 900 574 enirn
940 471 1138 572 hodierni
1177 467 1291 574 mul«
1441 555 1442 560 t

261 659 412 728 torum
445 659 591 722 mores
624 615 743 735 fiant,
778 647 830 719 nt
856 614 935 750 ipsi
964 617 1069 718 nihil
1092 653 1289 757 agentes,

261 816 355 918 qno
384 777 596 907 majorem
620 767 739 870 suarn
759 753 1058 872 ‘eruditionem
1079 779 1290 909 probent,

263 963 361 1034 tuto
379 929 514 1028 aliena
537 955 738 1060 carpant,
768 921 1024 1058 explodam,
1045 929 1094 1030 δί
1115 961 1292 1068 propter
1409 939 1411 944 ’

260 1121 395 1226 pauca
425 1083 799 1222 reprehendenda,
825 1112 969 1247 cetera
994 1088 1144 1186 omnia
1174 1089 1296 1191 darn·

179 1283 184 1294 ·
260 1275 368 1348 nent
411 1243 462 1344 &
494 1270 801 1342 contemnant:
840 1277 1001 1378 quum,
1037 1249 1102 1342 uti
1138 1241 1294 1344 hunta-

261 1442 319 1507 na
362 1402 611 1502 inbecillitas
652 1398 749 1519 est,
796 1403 994 1536 inprimis
1036 1403 1081 1498 in
1119 1402 1295 1532 juveni·

180 1665 182 1676 ι
263 1559 345 1660 bus
381 1555 432 1655 δι
470 1556 515 1652 in
553 1589 600 1651 re
635 1551 844 1652 Literaria
886 1555 1014 1652 novis
1042 1553 1294 1656 hominibus

265 1711 343 1809 vix
381 1703 477 1806 fieri
515 1703 678 1842 poffit,
721 1707 827 1843 quin
862 1707 907 1806 in
941 1742 1010 1805 res
1045 1707 1296 1842 inpingant,
1440 1693 1442 1698 ⁵

266 1895 373 1998 quas
396 1861 606 1958 maturior
632 1883 747 1954 aetas
779 1856 829 1958 δι
857 1857 1000 1989 major
1029 1893 1174 1958 rerum
1200 1860 1297 1961 usos

266 2009 447 2140 viderit3
480 2009 708 2138 neminem
739 2039 920 2127 tamen,
956 2013 1031 2142 qni
1063 2009 1298 2116 hominem

265 2163 312 2266 se
335 2160 384 2262 ἃ
403 2161 604 2257 hurnanis
624 2157 840 2254 erroribus
860 2155 1105 2259 obnoxium
1130 2165 1298 2299 adgno-

267 2317 370 2438 scit,
388 2317 507 2454 quod
522 2316 771 2450 graviorem
793 2316 1104 2446 nonnullorum
1119 2324 1300 2425 malefe-

269 2473 480 2570 riatonrm
496 2467 1300 2594 animadverfionemextimescat,hac

271 2625 351 2728 fati
388 2625 537 2752 injuria
565 2624 675 2724 adeo
701 2623 905 2726 deterreri
936 2626 1093 2728 debere
1114 2631 1299 2764 judico,

271 2805 324 2876 ut
357 2772 540 2873 desidiae
559 2803 711 2876 notarn
742 2773 819 2875 fibi
848 2776 967 2876 malit
995 2782 1131 2901 inuri,
1166 2821 1300 2921 quarn
1441 2809 1442 2818 ‘

272 2931 516 3070 pericnlum
527 2931 985 3064 cujusdamindullriae
999 2934 1162 3036 faciens
1181 2943 1301 3040 Cen·

274 3083 432 3184 soriam
462 3084 611 3186 subire.
675 3085 908 3220 Propterea
930 3087 1048 3224 quod
1075 3124 1300 3226 nunquam

274 3239 425 3345 desunt
458 3241 555 3340 Viri
586 3239 874 3362 cordatiores,
909 3245 983 3377 qui
1016 3241 1095 3375 ipsi
1125 3247 1303 3378 Sapien-

275 3399 364 3500 tiae
390 3397 595 3500 antistites
625 3400 676 3503 dr
701 3435 830 3502 verae
862 3400 1082 3502 dollrinae
1114 3387 1303 3504 cultores¹

273 3560 567 3668 Eruditorunr
606 3595 698 3662 non
735 3591 905 3664 tantum
943 3565 1108 3662 meritis
1138 3537 1303 3696 jostunn

277 3715 469 3842 pretium
501 3711 686 3814 statuere
710 3743 896 3833 norunt,
930 3711 1000 3814 sed
1024 3715 1075 3820 ἃ
1102 3718 1147 3817 in
1182 3717 1304 3852 spem

274 3859 452 3974 futurae
495 3864 747 3976 eruditionis
797 3863 1083 3978 crescentium
1120 3897 1304 3976 conatus

1227 4049 1304 4126 CX‘
