2918 4590
238 299 311 368 xrt
466 273 1051 366 PRAEFATIO.

228 461 467 529 'arcurxxu
492 439 568 528 sol.
597 435 681 552 post
710 437 910 554 Augustae
944 443 1133 538 Historiae
1165 448 1265 534 Scri·⁸

239 577 391 666 ptores,
416 580 438 638 e
461 553 610 666 Degato
632 552 886 640 Perizoniano
907 554 948 638 in
977 556 1076 642 Bibl.
1103 559 1264 672 Lugduc

238 695 296 752 no
315 667 402 752 Bat.
429 668 648 750 reservatam
666 664 768 768 vidi,
788 663 831 750 &
848 670 1028 753 consului.
1068 670 1261 761 Venetam

238 804 334 864 vero
351 805 376 864 a
394 777 492 862 Viro
509 777 568 862 ct
591 798 839 862 memoratam
864 777 932 882 sol.
952 787 1004 866 A.
1029 806 1257 870 rrcnnxxx.

236 891 410 986 invenire
438 914 519 974 non
546 889 679 1000 potui,
705 889 766 972 sed
794 889 885 974 alias
915 891 1046 976 itidem
1076 894 1141 979 sol.
1182 899 1259 978 Ve-

235 999 348 1088 netiis
384 999 563 1110 inpreffas
610 1005 659 1084 A.
696 1024 979 1088 rrcnnxxxrx.
1018 1004 1060 1086 δε
1097 1031 1256 1093 ncnxc

235 1113 323 1224 post
341 1110 541 1226 Augustae
560 1110 749 1198 Historiae
768 1117 1005 1222 Scriptores,
1033 1116 1205 1202 Fabricio
1228 1122 1259 1202 i-

175 1332 177 1338 y
232 1244 385 1340 gnotus.
435 1225 549 1330 Quae
575 1246 700 1310 autem
728 1225 960 1329 Cracoviae‚
987 1227 1106 1312 Mich.
1122 1232 1259 1315 Cocci-

234 1341 304 1424 nio
338 1357 518 1438 curante,
548 1341 601 1422 A.
630 1359 740 1421 nox.
776 1335 918 1446 prodiit
940 1353 994 1445 4⁰.
1024 1341 1143 1424 oculis
1164 1337 1259 1426 meis

233 1443 410 1556 'usurpare
450 1475 533 1532 non
569 1451 685 1535 licuit.
746 1450 895 1534 Verum
923 1447 1158 1536 Parifiensem
1187 1481 1259 1562 per

235 1561 365 1647 Nicol
385 1559 635 1646 'Maillardum
666 1583 906 1668 procuratam
935 1568 988 1646 A.
1019 1587 1162 1648 unxit.
1197 1567 1258 1651 vel

233 1697 335 1761 xur.
364 1671 487 1783 (hunc
496 1677 599 1758 enim
619 1700 820 1758 numerum
839 1671 1065 1776 Dedicatio,
1088 1680 1193 1762 illum
1211 1680 1257 1760 li-

235 1785 296 1872 bri
316 1785 476 1898 clausula
497 1784 675 1896 exhibet)
703 1806 809 1871 curta
841 1812 924 1868 mea
945 1789 1106 1894 supellex
1126 1791 1257 1898 suppe-

235 1895 382 1984 ditavit.
402 1897 579 2014 Omnes,
597 1923 690 2008 quas
699 1899 879 1984 recensuit
888 1899 919 1984 F
919 1899 1101 2000 abueios,
1117 1901 1258 1988 Eutro-

233 2012 342 2121 pium
353 2035 435 2096 non
446 2037 582 2120 purum
601 2007 692 2096 dare
710 2007 973 2096 redetcstatur
988 2041 1001 2118 ;
1019 2013 1116 2096 lllud
1135 2016 1256 2117 enirn,

233 2147 463 2233 quamquam
487 2147 550 2206 eas
568 2148 650 2206 oon
672 2121 774 2224 vidi,
794 2121 842 2206 dc
854 2125 1032 2206 Romana
1052 2121 1094 2204 dc
1107 2127 1258 2238 Veneta

234 2240 363 2346 priore
392 2258 440 2316 eo
461 2231 647 2334 conjicere
669 2229 779 2335 licet,
807 2232 911 2346 quod
930 2259 993 2316 cas
1011 2235 1045 2316 se
1062 2237 1259 2344 sequutum

235 2341 437 2461 profitetur
459 2339 710 2445 Maillardus,
736 2353 841 2449 cujus
867 2337 986 2428 editio
1009 2349 1090 2452 pari
1114 2349 1260 2451 modo,

235 2485 282 2544 ac
309 2476 478 2559 ceterae,
505 2457 737 2566 Scriptorcm
770 2453 956 2540 Nostrum
987 2455 1108 2564 duplo
1139 2469 1259 2566 majo·

234 2598 316 2658 rem
337 2567 500 2653 exhibet.
556 2569 596 2654 A
615 2567 724 2672 Jano
742 2569 844 2652 enim
862 2573 987 2680 primo
1004 2570 1150 2658 Italiae
1168 2599 1260 2684 rege

236 2683 313 2771 dcc.
343 2679 530 2790 incipiunt
551 2705 707 2783 omncs,
737 2677 779 2764 δι
809 2679 947 2791 ubique
975 2700 1054 2766 tam
1083 2685 1186 2770 varia
1212 2711 1258 2769 ac

234 2793 379 2882 diversa
409 2821 458 2878 ex
483 2790 647 2896 Orofio,
677 2795 830 2901 aliisque
859 2793 900 2876 id
928 2820 1051 2905 genus
1071 2794 1259 2905 scriptori·

234 2907 331 3010 bu's‚'
361 2907 476 2992 etiarn
505 2932 528 2990 e
554 2905 678 2993 Sacris
708 2903 844 2990 Literis
864 2903 1123 2992 additamenta
1143 2906 1259 2990 inser-

234 3023 367 3124 ciunt,
394 3039 435 3104 ut
456 3018 659 3125 Eutropius
679 3017 718 3100 in
738 3019 926 3125 Eutropio
947 3015 1259 3124 quaerendussrt.

235 3133 350 3220 Hanc
378 3130 502 3214 labem
538 3130 572 3214 ei
603 3129 731 3212 Caroli
760 3129 899 3240 Magni
929 3127 1163 3238 temporibus
1191 3129 1259 3213 ad-

238 3241 362 3351 sperst
398 3243 550 3328 Paullus
587 3237 858 3326 Warnesridus
888 3241 1089 3324 Diaconos
1136 3241 1259 3349 Aqui·

144 3349 148 3356 ’
238 3352 415 3461 lejensn',
440 3351 598 3438 testante
625 3353 724 3436 inter
750 3353 845 3436 alios
878 3349 1014 3437 eodem
1051 3349 1258 3440 Maillardo

236 3467 500 3575 „Hucusque
537 3461 744 3550 Historiam
786 3462 992 3572 Eutropius
1027 3466 1259 3570 composuit:

236 3640 267 3688 „
294 3583 357 3662 cui
390 3596 516 3662 tamen
546 3576 670 3684 aliqua
701 3575 841 3661 Paulus
868 3577 1068 3660 Diaconos
1090 3573 1258 3667 addidit:

237 3688 449 3796 „jubente
488 3689 662 3774 Domina
699 3687 914 3800 Adilperga
952 3685 1260 3778 Christianillrma

236 3859 266 3912 „
297 3799 510 3888 Beneventi
537 3797 739 3884 Doctrice:
767 3809 932 3912 coniuge
952 3799 1116 3884 Domini
1137 3802 1259 3888 Archi

238 3973 268 4036 υ
295 3909 549 4026 sapientissrmi
576 3910 784 4025 Prurcipis:
812 3909 857 3999 δι
877 3909 966 4001 ideo
987 3935 1083 4022 quae
1103 3913 1260 4024 sequun·

1114 4083 1146 4139 ar
1174 4044 1266 4134 tufa
