2878 4570
450 247 1072 332 DEDICATIONES

241 402 347 483 tione
371 406 521 482 veniret.
547 403 776 494 Semidottis,
800 405 882 503 quid
898 407 997 481 dico!
1026 407 1265 488 adolescentu-

240 505 310 592 lis,
325 521 424 580 certe
439 503 480 578 iis
492 505 549 600 qui
567 505 687 578 Musas
704 503 933 578 Academicus
946 507 1095 582 alimine
1110 511 1262 604 primurn

246 603 415 692 salutant,
438 602 497 676 hic
518 623 609 677 ame
633 604 730 674 labor
745 602 920 698 susceptus
939 603 1001 677 eil.
1053 605 1187 680 Frustra
1213 611 1263 684 illi

239 700 292 774 ad
314 701 542 776 maximarum
562 721 677 772 rerum
693 703 912 775 numerosam
929 703 1069 797 copiam
1086 727 1154 777 uno
1173 707 1260 780 saltu

242 797 533 889 introducuntur,
556 796 580 870 st
597 819 669 870 non
683 819 765 870 ante
778 799 814 870 in
831 821 1014 874 numerato
1026 803 1177 874 habeant
1191 805 1257 876 Hi-

245 894 374 970 storiae
393 896 577 970 Romanae
591 896 735 968 brevem
752 895 857 967 talem
874 895 938 992 (ut
955 899 1007 974 ita
1021 900 1162 1000 dicam)
1176 900 1261 975 scia·

244 993 445 1089 graphiam,
470 994 607 1091 qualem
631 1013 738 1066 nemo
760 993 939 1082 omnium,
972 1015 1143 1094 quotquot
1163 999 1260 1085 sunt,

242 1091 405 1179 fuerunt,
429 1095 523 1166 inter
537 1089 837 1186 Compendiatum
852 1092 1065 1188 Scriptores,
1087 1097 1260 1188 Eutropio
1389 1141 1392 1148 «

242 1189 426 1264 meliorem
445 1191 531 1262 date
553 1187 696 1283 poterit.
750 1187 824 1262 Hic
846 1209 944 1263 cette
968 1192 1176 1288 Tanaquillo
1201 1196 1262 1264 Fa·

243 1288 331 1376 bro,
347 1285 662 1378 accerrimijudicii
682 1286 781 1376 viro,
794 1287 1006 1366 subscribere
1021 1289 1157 1380 debeo,
1177 1292 1262 1364 Puer

240 1382 326 1480 scite
341 1386 442 1457 multa
464 1385 592 1458 aldeam
611 1383 702 1480 (nec
721 1406 809 1476 puer
825 1403 982 1475 tanturn,
1008 1386 1067 1460 sed
1083 1386 1121 1462 ἃ
1144 1389 1260 1464 adole·

242 1481 341 1557 scena
355 1480 394 1554 dt
408 1483 485 1582 tir)
511 1483 586 1563 dum
596 1483 678 1577 legit
689 1535 700 1572 ,
723 1483 918 1576 praenoscit
935 1499 1063 1559 tomen:

289 1680 379 1753 Nam
400 1679 510 1769 uidet,
534 1695 593 1752 aut
616 1677 728 1776 uidtffe
747 1697 846 1778 putat
866 1700 925 1778 ptr
949 1683 1059 1758 nubilo
1083 1681 1222 1757 Lunam.

238 1878 382 1977 Reliqui
395 1877 867 1974 itaqueCommentatotibus
883 1879 904 1952 s
899 1877 949 1952 uit
963 1880 1083 1952 omnia
1098 1880 1260 1975 integra,

239 1977 305 2053 nist
328 1975 388 2052 ubi
410 1977 463 2052 bis
481 1977 581 2050 ¹idern
602 1977 725 2052 iisdem
742 1976 920 2051 diceretur
936 1979 1074 2069 verbis,
1098 1978 1190 2075 quod
1211 2000 1265 2050 re·

237 2078 316 2176 peti
334 2073 472 2150 necesse
486 2075 631 2149 minime
648 2073 738 2162 suit3
753 2076 809 2148 De
824 2075 972 2148 Cellatio
986 2075 1101 2148 adbuc
1116 2097 1264 2148 monere

239 2176 323 2269 quid
340 2174 467 2246 habeo.
517 2172 604 2244 Dixi
625 2171 797 2264 supetius,
824 2171 919 2244 illurn
939 2171 991 2244 bis
1011 2173 1047 2242 in
1068 2171 1181 2245 lucem
1202 2172 1265 2243 de·

238 2271 329 2346 dille·
340 2267 686 2360 Eutropium,Cizae
700 2268 871 2360 primunr,
899 2265 1029 2339 deinde
1045 2269 1175 2363 viginti
1191 2267 1265 2342 stuc

141 2375 151 2390 ‘
242 2365 472 2464 undeviginti
486 2365 586 2437 annis
601 2361 678 2457 post
694 2363 825 2458 Jenae,
850 2386 953 2460 quarn
969 2364 1171 2438 Editionem
1189 2367 1264 2460 plut

240 2465 349 2540 semel
367 2461 554 2558 repetitam
573 2460 675 2535 fuisse
694 2463 846 2535 maxime
867 2463 904 2536 in
924 2459 1022 2534 usum
1039 2465 1264 2554 Sclrolarum,

239 2562 371 2658 collegi
385 2585 429 2636 ex
443 2561 547 2634 titulo
561 2561 719 2634 aliatum.
755 2561 795 2632 In
811 2559 938 2634 eadem
953 2557 1111 2635 editione
1127 2562 1267 2636 Graeca

240 2661 384 2738 Paeanii
398 2681 470 2733 non
484 2681 531 2733 ex
546 2660 691 2733 adverso
706 2658 841 2732 Latinis
855 2655 1014 2754 opposita
1031 2659 1264 2750 sunt,verum

240 2759 387 2838 inferius
402 2755 576 2852 subjefila,
600 2756 699 2850 cujus
713 2756 765 2831 rei
781 2759 955 2830 tationem
967 2757 1029 2829 dat
1047 2759 1213 2834 Cellarius
1229 2762 1266 2832 in

243 2859 355 2935 Nova
368 2855 604 2931 Praefatione.
632 2855 712 2928 Nos
727 2853 866 2929 Graeca
880 2855 1036 2951 separata
1050 2860 1093 2931 ab
1111 2859 1184 2952 ipso
1196 2859 1264 2930 Eu·

243 2957 361 3054 tropio
377 2955 555 3030 dedimus:
570 2952 670 3028 ficuti
685 2954 779 3027 enim
795 2953 892 3026 reale
908 2956 952 3026 ab
968 2954 1095 3030 eodem
1113 2957 1263 3028 Cellario

240 3056 413 3132 studiosae
431 3053 611 3149 juventuti
633 3075 713 3124 curn
732 3053 907 3146 Eutropio
928 3054 1070 3148 elegans
1093 3053 1166 3146 ejus
1182 3055 1264 3126 Me·

241 3151 435 3250 tapbtastes
457 3151 644 3246 plurimum
661 3149 947 3240 commendatur,
970 3151 1021 3222 ita
1039 3150 1077 3222 in
1100 3171 1264 3246 tyronum

240 3251 318 3328 usus
335 3249 481 3347 privatis
497 3271 635 3344 quoque
647 3247 875 3336 Letlionibus
889 3247 1018 3321 eodem
1032 3247 1082 3320 uti
1100 3246 1264 3335 decrevi,

242 3371 282 3423 ut
299 3355 348 3424 ita
363 3353 532 3448 juventus
548 3345 643 3419 simul
657 3345 827 3446 'adluefiat
848 3347 1009 3419 Graecae
1031 3345 1203 3434 ubertati,
1226 3343 1266 3418 dt

242 3448 422 3524 Historiae
437 3447 639 3530 Romanae,
666 3445 739 3517 imo
755 3442 906 3518 universi
922 3445 1050 3533 Orbis,
1062 3467 1125 3537 per
1140 3463 1196 3518 tot
1211 3444 1263 3518 se-

243 3547 344 3631 cula,
370 3543 538 3617 facillime
564 3542 713 3616 imbibat
735 3544 912 3616 notitiam.
965 3547 1122 3637 lngenue
1144 3561 1265 3615 autern

242 3645 348 3719 lateri
363 3642 446 3714 volo
471 3665 529 3716 tne
551 3640 686 3736 semper
706 3641 819 3737 ptinta
832 3639 969 3714 Cellarii
989 3639 1149 3713 editione
1170 3639 1268 3712 usum

242 3741 370 3824 soille,
404 3737 630 3832 posteriorem
658 3760 746 3812 veto
771 3739 815 3812 ad
840 3761 961 3812 manus
984 3761 1080 3812 meas
1104 3737 1267 3825 venisse,

243 3862 349 3938 quutn
364 3838 437 3935 jam
452 3837 496 3918 ad
512 3837 619 3911 finem
636 3839 838 3930 opusculum
852 3837 922 3910 hoc
937 3835 1122 3931 speslatet.
1154 3837 1268 3912 Nolui

244 3959 364 4016 tamen
386 3931 552 4012 studiosot
568 3937 781 4039 cellarianae
799 3934 1012 4018 eruditionis
1028 3934 1190 4014 fraudare
1209 3956 1269 4007 au.-

1150 4053 1273 4136 gnen-

549 4177 583 4214 „1
