2918 4590
245 293 357 382 „vrrs
445 259 562 356 Μ
594 265 642 352 D·
674 265 696 350 1
728 263 765 349 C
801 263 842 348 A
869 257 917 346 T
951 257 1064 348 1·0‘.·

242 469 436 592 bitrum,
473 466 640 594 praeter
669 453 747 552 alia
783 448 1021 572 beneficia,
1058 487 1129 552 eas
1161 451 1274 560 Tibi

244 623 444 754 adceptas
488 611 644 713 refero.
710 605 821 738 ,lpse
866 605 974 708 mihi
1026 606 1143 710 testis
1185 645 1271 738 es3

242 777 376 894 testes
405 771 510 872 mihi
543 795 710 901 praeter
725 763 820 882 Te,
843 765 892 863 &
911 792 1086 900 gratum
1114 759 1274 871 meum⁴

242 936 464 1044 animum,
500 923 700 1056 plurimi,
737 920 908 1054 quoties
948 951 1020 1020 tuu
1049 954 1136 1056 ope
1161 957 1270 1024 cum

203 1082 489 1188 'valetudine
529 1080 571 1174 in
609 1073 792 1210 gratiam
827 1072 1057 1174 redierim:
1094 1078 1268 1208 quoties

238 1207 420 1374 publico
452 1257 668 1344 munere,
715 1225 765 1325 &
807 1223 918 1324 haud
949 1223 1145 1344 infelici,
1193 1231 1270 1330 uni

240 1419 391 1514 tamen
435 1380 607 1482 homini
643 1381 847 1512 graviore
891 1411 997 1476 cum
1042 1377 1269 1478 Mercurio

237 1537 466 1650 Musarum
500 1533 724 1631 connubio
755 1527 979 1630 exhaustas
1009 1533 1122 1630 vires
1157 1530 1269 1630 mihi

237 1688 506 1804 restitueris,
553 1719 609 1806 ac
647 1684 843 1816 corporis
880 1683 1155 1785 inbecillitate
1195 1717 1268 1782 ae·

102 1907 105 1914 «
237 1875 372 1980 grum
400 1837 450 1940 &
478 1830 712 1936 demiffum
741 1834 938 1934 animum
966 1831 1047 1934 sare
1074 1833 1122 1934 ὅ(
1149 1835 1269 1933 Atti·

235 2037 295 2124 co
329 1997 480 2134 lepore
519 1991 705 2096 conditis
741 1988 1012 2092 sermonibus
1044 2027 1267 2092 recreave-

233 2154 374 2257 ris&
408 2149 629 2248 erexeris:
677 2143 849 2276 quoties
884 2143 1071 2278 denique
1112 2145 1265 2244 iisdem

235 2309 306 2410 his
344 2297 958 2434 Scriptoribusmperantem,
995 2298 1107 2396 haud
1146 2297 1276 2398 secus-

234 2495 289 2560 uc
330 2491 435 2558 cum
466 2449 552 2587 ipsa
590 2477 737 2550 morte
769 2447 977 2552 luctatum
1019 2451 1265 2554 Herculem

234 2611 284 2714 vi
317 2609 359 2712 ei
395 2601 594 2708 Alcestin
635 2602 835 2736 eripuistis
879 2607 1003 2706 tradit
1034 2609 1264 2722 Vetusius,

235 2765 292 2880 ab
327 2793 437 2862 orco
466 2794 541 2860 me
576 2757 784 2887 reducem
820 2759 865 2858 in
897 2759 1042 2861 iucem
1079 2765 1265 2892 feceris,

234 2951 311 3039 ut,
346 2917 503 3056 siquid
529 2918 634 3017 boni
661 2918 727 3016 his
752 2951 831 3052 per
856 2951 932 3018 me
955 2917 1184 3042 adciderit,
1219 2919 1262 3020 id

235 3077 345 3200 Tibi
378 3102 517 3174 omne
544 3074 743 3176 debeant.
1003 3083 1007 3088 ’

308 3231 485 3360 Quibus
528 3265 638 3329 vero
680 3227 822 3330 verbis
870 3257 916 3330 te
960 3223 1264 3362 compellam,

237 3379 569 3490 BuuMAuNs
592 3378 1046 3486 Csuuusummu‘?
1081 3383 1155 3516 qui
1182 3380 1265 3478 mi-

237 3535 284 3646 hi
321 3567 412 3637 uon
443 3530 522 3634 nisi
564 3531 748 3632 aliorum
786 3531 1044 3636 testimoniis
1079 3533 1265 3666 cognito
1387 3566 1392 3575 ·

238 3691 292 3796 ad
330 3689 564 3792 amicitiam
600 3687 775 3809 Tuam,
820 3691 870 3792 &
902 3685 1265 3796 instruciiffimam

238 3845 429 3985 cujusvis
461 3841 635 3984 generis
672 3875 808 3948 manu
842 3843 891 3950 δι
925 3843 1042 3984 typis
1068 3874 1266 3949 exarato·

1167 4030 1270 4104 {Um
