2892 4580
372 277 929 358 -tnsttntotttn,

189 433 385 530 Hucusque
402 433 448 506 de
465 429 639 524 Eutropio
650 427 879 524 Nicephomt
890 433 1077 532 Gregornr.
1094 436 1171 513 Un-

138 533 187 606 de
220 532 417 606 luculenter
447 549 549 624 putet
577 527 788 618 Eutropium
820 528 938 616 hunc,
969 533 1167 626 sophistam

140 630 352 718 Gentilem,
379 628 440 726 qui
467 630 558 719 Imp.
582 622 734 698 Valenti
754 623 966 700 Breviorium
988 631 1167 708 Historiae

139 729 333 802 Romanae
354 723 559 810 dedicavit,
585 721 756 817 iJoanne
778 719 981 794 Trithemio
1001 725 1038 796 in
1058 731 1166 806 Libro

139 825 188 898 de
216 825 459 918 Scriptoribut
482 817 750 908 Ecclefiollicis,
775 818 941 892 Conrado
955 819 1116 896 Gesnero
1130 829 1167 906 in

138 923 365 998 Bibliotheca
384 919 599 1006 Universan,
625 917 671 989 R.
689 918 724 989 P.
746 917 913 991 Antonio
934 917 1119 992 Pollevino
1134 923 1170 998 in

136 1023 326 1118 Apparatu
349 1022 475 1104 Sacro,
500 1015 538 1091 δι
563 1041 583 1088 a
604 1015 845 1108 compluribus
867 1014 963 1101 aliis,
988 1037 1169 1110 perpetum

125 1116 314 1193 ‘confundi
338 1139 416 1190 cunr
446 1117 641 1208 Eutropio,
668 1115 854 1186 Monaclto
878 1111 915 1186 ἃ
934 1115 1168 1208 Presbytero,

135 1216 198 1313 qui
220 1217 256 1289 S.
283 1213 468 1311 Augustini
486 1213 555 1287 fuit
580 1211 792 1307 discipulus,
818 1209 857 1286 (it
880 1209 1057 1305 Epistolas
1081 1213 1167 1290 duos

135 1311 269 1410 sctipfit
285 1312 533 1386 consolatorias
552 1311 595 1383 ad
616 1311 700 1382 duas
722 1312 877 1398 sorores,
901 1310 1047 1392 ancillas
1064 1313 1168 1386 Chri·

135 1411 203 1498 sti,
228 1435 315 1508 quae
330 1415 377 1486 ob
392 1411 627 1484 devotionern
643 1407 855 1501 pudicitiae,
878 1405 914 1480 ἃ
933 1398 1090 1482 altiorem
1110 1433 1164 1486 re·
1221 1418 1232 1468 t

130 1507 291 1605 ligionis,
316 1509 337 1582 fa
358 1510 563 1606 patentibus
587 1503 822 1579 exheredatae
845 1503 1008 1594 fucrant3
1043 1526 1081 1578 ut
1105 1525 1158 1582 te-

129 1605 238 1680 statur
254 1608 461 1682 Gennadius
482 1601 705 1680 Massiliensis
722 1603 759 1676 io
781 1603 891 1678 Libro
909 1604 955 1678 de
971 1606 1159 1703 Scriptori-

130 1705 197 1780 but
214 1708 332 1798 capite
346 1701 609 1802 quadragesimo
625 1723 731 1774 nono.

361 1851 521 1952 Gesnerus
540 1855 575 1924 in
591 1852 792 1926 Bibliotheca
808 1869 840 1946 p.
860 1860 942 1946 238.

173 2005 339 2102 Eutropii
362 2003 497 2100 inligne
515 2003 699 2087 volumen,
723 2021 795 2093 quo
813 2001 975 2070 Romana
997 2001 1157 2083 historiae

126 2103 293 2179 universa
309 2103 535 2186 deleribitur,
560 2123 606 2174 ex
630 2100 848 2174 diversorum
865 2096 1065 2173 Authorum
1084 2125 1159 2179 mo.

124 2199 476 2278 numentiscollecla.
504 2197 647 2300 Quanto
665 2219 752 2271 vero
774 2195 886 2292 major
906 2196 1076 2272 Codicum
1091 2201 1156 2276 sm·

122 2302 252 2376 coritas
267 2325 311 2377 eo
327 2321 492 2396 tempore
507 2298 593 2386 tuit,
609 2319 713 2393 quam
733 2293 785 2368 est
799 2293 934 2370 hodie?
946 2295 1153 2392 ltaqucnon

123 2419 236 2491 pauca
257 2403 419 2498 leguntur
442 2397 502 2472 hic
522 2395 741 2470 emendatius
760 2395 871 2466 multo
889 2417 992 2490 quom
1017 2399 1054 2470 in
1077 2399 1152 2476 edi-

123 2497 280 2663 tionifbor
299 2495 517 2595 quorundam
539 2491 809 2584 historicorum,
833 2515 924 2594 quae
947 2493 1059 2592 vulgo
1083 2499 1150 2576 cir·

122 2611 206 2662 cum
224 2615 377 2668 eruntur.

124 2779 623 2889 HENRICUS
690 2783 1153 2894 VALESIUS

241 2973 303 3050 De
318 2973 491 3050 Breviorii
507 2973 716 3072 Eutropitui
731 2972 1025 3069 Metaphrastbus.

208 3127 230 3171 ⁸
253 3129 311 3204 Au
331 3127 499 3226 Excerptu
521 3123 660 3224 Pei-esc.
687 3149 729 3200 et
753 3123 813 3220 Jo.
840 3127 1051 3202 Antiocheno.

120 3273 274 3450 Olea
292 3281 333 3362 tt
355 3276 497 3373 plemn'e
513 3277 576 3378 τι]
601 3279 706 3352 Haec
725 3279 833 3352 verba
853 3276 941 3352 citat
955 3277 1085 3354 suidas
1108 3284 1145 3360 in

234 3375 686 3475 ptratnabsqueauuore,
711 3397 750 3448 ut
774 3378 872 3450 solet.
909 3379 998 3450 Sunt
1022 3397 1143 3454 autern

117 3475 163 3550 ad
179 3479 333 3554 'verbum
348 3479 437 3556 htcc
458 3475 585 3552 cunila
604 3471 768 3550 transsata
783 3497 827 3548 ex
842 3475 1005 3568 Eutropii
1019 3475 1143 3576 Epito-

1083 3599 1142 3652 me

119 3699 206 3760 ‘imm
221 3687 355 3752 Codicetn
375 3695 589 3772 manuscriptum
607 3691 853 3752 membranaceum
869 3687 1081 3758 Auoolliffimte
1094 3691 1140 3752 Bl-

121 3758 284 3823 bliorhcettc
296 3769 444 3830 &cittene
461 3774 521 3832 sunt
535 3773 614 3829 llaec.
633 3765 812 3845 Constantius,
821 3771 866 3827 uir
878 3769 1004 3844 egregius
1017 3765 1054 3838 δ’
1066 3779 1139 3840 pm.

42 3915 46 3924 ,
112 3833 287 3913 stlmffiw
299 3846 450 3916 civilitatis,
469 3847 574 3907 diuitiis
588 3848 785 3921 prmtmtalimn
799 3863 830 3904 uc
839 3847 1001 3918 priuatorum
1007 3841 1137 3918 studens.

110 3907 177 3991 fisci
188 3915 313 3974 modu
327 3938 378 3976 nun
394 3921 524 3982 Mundum
537 3921 686 4000 odfrffuns,
706 3923 845 3996 &veruque
855 3925 945 3980 melius
953 3922 1068 3998 publicus
1080 3935 1138 3998 opes

118 3993 264 4068 *ΜΝ
278 3993 383 4067 Meri,
401 4011 474 4074 qm
487 4003 558 4062 lutra
571 3995 801 4122 mutabam?
813 3995 946 4080 ttsetourl.
965 3999 1100 4058 Lumbcc.
