2918 4590
306 261 365 331 b'r
411 251 1046 335 PRAEFATIONES.

162 417 237 496 iam
262 423 448 506 parentum
475 405 672 480 nostrorum
698 407 918 502 amicitiam,
950 411 1010 509 qui
1034 414 1194 492 invitent

166 508 356 611 plurimum
379 503 418 580 &
445 523 605 580 amarunt
626 503 666 578 ἃ
686 505 882 579 coluerunt.
932 511 1011 586 Nos
1031 537 1120 588 vero
1143 517 1191 588 ob

168 608 363 688 studiorum
385 602 586 680 nostrorum
609 601 828 676 neceffitates
855 605 1008 684 locorum
1028 611 1194 686 distantia

170 706 323 800 separati
352 703 480 784 sumus,
530 701 627 774 Inter
651 699 803 794 majores
826 720 934 789 tuos,
963 707 1021 800 qui
1047 709 1193 784 baronis

164 805 326 880 officium
353 801 471 876 multis
493 801 593 873 aunis
618 797 656 872 in
681 799 830 873 civitate
857 797 999 892 nostra,
1024 805 1193 882 Claronae

166 927 250 988 rum
268 901 370 975 laude
387 898 633 974 obtinuerunt:
658 897 762 972 Avus
775 899 895 972 hercle
911 917 988 972 tuus
1007 904 1098 995 patri
1112 927 1194 976 meo

167 998 468 1098 ⁴conjuniiissimus
485 995 564 1070 fuit.
613 997 744 1071 Parent
766 992 984 1072 Clementiae
1006 1017 1087 1072 tuae
1107 1001 1196 1074 adeo

168 1099 256 1173 mibi
271 1097 412 1172 intimus
427 1095 515 1184 fuit,
530 1111 570 1168 ut
582 1095 937 1192 nulluscognatorum
945 1097 1070 1194 magis.
1083 1097 1197 1199 Quip-

168 1220 216 1290 pe
238 1199 319 1294 qui,
344 1217 552 1294 quamquam
582 1217 654 1292 ego
679 1195 715 1270 in
737 1195 929 1292 longinqua
951 1198 1119 1288 natione,
1144 1197 1196 1270 se·

162 1315 268 1373 cutus
295 1297 469 1370 literarum
491 1291 628 1382 studia,
650 1294 824 1382 versarer,
853 1293 988 1390 semper
1012 1313 1131 1370 tamen
1155 1295 1198 1368 li·

164 1395 250 1468 teris
267 1393 333 1466 suit
350 1389 589 1468 amantissimis
608 1391 783 1480 inviserit,
810 1411 926 1482 utres
947 1395 1085 1488 patriae
1105 1415 1195 1468 nun·

161 1513 267 1590 quam
286 1517 345 1567 me
365 1493 474 1568 etiam
494 1489 587 1587 apud
603 1507 746 1566 exteros
766 1491 923 1566 laterent.
959 1493 1027 1566 Vir
1043 1513 1117 1568 etat
1132 1517 1194 1590 pa·

160 1613 242 1666 rent
262 1609 340 1668 tuus
361 1591 523 1665 omnium
540 1589 705 1662 botarum
722 1589 847 1662 borno:
875 1593 977 1666 rebus
996 1591 1091 1665 seriis
1111 1615 1191 1688 gra·
1247 1635 1273 1665 -.

163 1691 240 1776 uis,
266 1711 440 1777 maturus,
466 1686 666 1761 verendus:
693 1687 793 1762 laetis
814 1687 1080 1784 jucundiffimus
1105 1713 1190 1764 con-

163 1785 360 1860 fabulator:
387 1809 492 1881 quem
518 1806 624 1858 unum
652 1785 820 1878 universi,
870 1788 984 1861 uoties
1003 1788 1116 1883 jocari
1139 1791 1190 1862 so·

165 1885 289 1970 lebat,
315 1879 496 1978 stupentes
524 1881 792 1956 admirarentur.
842 1809 1016 1984 Quoties,
1043 1886 1108 1958 Dii
1129 1889 1192 1958 bo-

164 1982 224 2069 ni,
249 1980 285 2054 in
304 1980 555 2053 Helvetiorum
575 1979 728 2052 concilio
748 1981 882 2074 patriae
907 1984 1060 2076 legatur,
1111 2005 1192 2056 uan-

165 2080 215 2166 rio
242 2079 337 2153 seriis
361 2075 467 2172 Reip.
494 2074 632 2150 nostrae
660 2078 814 2172 negotiis
843 2077 1022 2150 transabiit
1050 2007 1192 2153 retiocil·

165 2177 263 2252 laudi
283 2173 392 2252 essent
408 2177 618 2263 Senatores,
645 2175 718 2272 ipse
740 2174 907 2250 omnibus
927 2177 1125 2272 spetiaculo
1140 2177 1194 2252 fe·

164 2275 351 2362 stiviffimit
373 2273 475 2350 dietis
497 2275 564 2350 suis
581 2273 671 2364 fuit,
696 2273 734 2348 ur
757 2273 851 2372 quast
871 2275 1038 2350 miraculo
1056 2277 1192 2350 Helue·

166 2377 294 2448 tiorum
312 2375 468 2449 urbibus.
517 2375 684 2469 Saepius,
710 2397 789 2447 cum
811 2397 831 2448 e
851 2375 1012 2464 Lutetia,
1038 2377 1094 2448 vel
1118 2377 1193 2454 Fri·

164 2475 278 2570 burgo
293 2473 461 2570 Brisgoae
479 2473 515 2548 in
533 2474 682 2570 patriam
698 2473 806 2561 redii,
833 2473 892 2550 ille
915 2475 1002 2546 mihi
1025 2469 1188 2568 le'pidiffi·

165 2574 234 2646 mis
253 2571 343 2666 jocis
365 2571 433 2645 suis
459 2569 615 2646 frontem
634 2567 849 2666 e'xporrenit,
901 2574 1058 2666 Lepores
1090 2591 1191 2647 erant

166 2691 241 2754 non
257 2671 438 2762 vulgares,
461 2690 534 2741 nun
548 2669 667 2752 levesr
692 2668 750 2742 sed
767 2667 939 2766 appoliti,
964 2668 1001 2742 ἃ
1017 2672 1119 2744 rebus
1133 2695 1190 2744 ae·

166 2766 405 2852 commodati,
431 2782 470 2836 ut
492 2787 666 2863 nunquam
688 2767 776 2838 mibi
795 2769 982 2864 quicquam
1003 2768 1194 2864 jucundius

163 2865 274 2941 fuerit
294 2886 395 2962 quam
411 2864 503 2959 apud
523 2887 603 2937 eum
619 2864 827 2936 conversari.
870 2861 1098 2939 Christianam
1118 2867 1194 2960 pie,

163 2983 298 3052 tatem,
323 2963 496 3060 majorum
516 2960 709 3036 nostrorum
727 2959 874 3058 uestigia
891 2963 1048 3056 secutus,
1065 2967 1115 3038 ita
1133 2987 1191 3036 co·
1284 3003 1292 3016 ·

163 3066 228 3139 luit
238 3115 251 3156 ,
277 3081 314 3134 ut
332 3061 494 3136 omnibus
511 3061 607 3146 vitae
627 3055 812 3134 honestate
828 3061 1048 3158 praeluxetit.
1069 3062 1190 3234 quan.

162 3182 238 3236 tunt
255 3179 374 3236 autem
386 3158 616 3259 gavisurum,
636 3157 779 3255 quando
792 3159 1040 3258 D.Aegidium
1052 3161 1088 3232 T
1104 3161 1189 3235 chu-

164 3263 248 3338 dum
275 3281 449 3358 generum
476 3259 553 3355 ejus
576 3257 707 3332 fabium
732 3260 901 3353 percepi,
927 3257 1044 3334 sorore
1066 3275 1127 3334 tua
1153 3261 1190 3334 in

163 3359 427 3434 matrimonium
445 3357 570 3446 dueta,
597 3357 634 3432 id
655 3379 743 3430 vero
759 3357 820 3431 vix
838 3357 909 3433 dici
932 3357 1059 3452 potest.
1093 3358 1189 3432 Gau·

165 3459 235 3534 deo
249 3459 355 3532 eriam
381 3456 469 3554 (per
485 3459 612 3554 Jovem
633 3455 868 3557 mihicrede)
893 3455 987 3530 hand
1001 3458 1189 3534 mediocri·

165 3573 237 3638 ter,
262 3559 354 3648 quod
385 3558 432 3630 D.
448 3555 654 3630 Henaichus
674 3549 833 3644 ῢώῦῐετ,
860 3577 972 3652 nepos
994 3559 1079 3636 mibi
1104 3559 1187 3630 cha.

162 3651 333 3740 riffimut,
357 3653 421 3729 tibi
443 3672 513 3726 tam
536 3651 682 3728 diletiur
707 3651 776 3739 est,
801 3675 903 3747 quarn
930 3653 990 3751 qui
1013 3655 1188 3731 ditettiffi.

164 3773 255 3824 mur.
306 3751 374 3824 Sed
395 3753 440 3824 de
458 3751 511 3828 hir
529 3752 625 3826 alias.
677 3751 779 3826 Tuae
803 3753 982 3848 Dignitati
1002 3774 1188 3854 congratu-

164 3848 237 3937 lor,
262 3849 354 3943 quod
384 3848 509 3926 domur
533 3849 730 3926 Pbavorina
751 3869 787 3925 te
811 3871 905 3934 nunc
929 3855 1100 3930 Abbatem
1128 3879 1190 3932 c0·.

164 3943 316 4062 gss0scit·
367 3947 464 4032 Dent
490 3950 578 4062 Opt-
597 3947 845 4090 Maximpsque
873 3953 938 4032 tibi
966 3949 1003 4032 δι
1029 3953 1190 4119 corpsorir

772 4071 796 4140 4
1122 4069 1195 4122 ant·
