2908 4576
3 417 5 504 l

2 570 4 676 l

1116 1 1204 62 *l

386 215 1003 392 ororcarro:
1144 317 1211 400 aa

178 527 285 600 rum
315 489 525 622 cocleam
549 481 863 616 ,mpetteffllern
894 487 1021 592 ultro.
1041 493 1210 602 aditum
1270 517 1271 522 '

156 643 426 766 recipisti,
470 653 665 771 eumque
701 634 752 732 ad
771 721 774 731 ,
792 636 897 736 alios
933 641 1125 749 dollrina
1159 650 1211 754 δε

180 801 442 938 dignatione
480 787 803 897 lolullrilsrmos
830 791 968 900 ,Viros
1002 803 1211 911 muniilli.

180 949 476 1086 suspiciebam
499 950 551 1052 &
571 945 808 1059 venerabar
831 937 1213 1080 ingeniumtuun'r

180 1103 235 1217 δι
277 1101 627 1205 consummatam
660 1104 985 1226 eruditionem,
1022 1113 1213 1246 quotia-

183 1296 373 1398 cumqua
409 1259 464 1360 ad
505 1293 664 1361 eorum
698 1283 1020 1385 monumenta,
1055 1270 1216 1403 quibus

181 1419 311 1524 ditare
331 1455 486 1520 meum
516 1421 712 1520 animum
739 1417 956 1540 solebam,
990 1424 1214 1558 confuge-⁸
1299 1532 1301 1540 ,

175 1615 271 1680 rem
281 1617 297 1707 3
334 1575 406 1676 sed
445 1607 591 1710 aquo
631 1591 836 1710 tempore
872 1575 925 1676 ad
956 1578 1211 1682 interiorem
1298 1679 1303 1686 .

176 1731 331 1832 Tuam
364 1728 699 1832 familiaritatem
733 1765 944 1867 perquam
981 1733 1090 1832 mihi
1125 1733 1209 1834 ho-

178 1885 413 1988 notificam
443 1883 645 1987 admiffirs
682 1885 803 2006 firm,
839 1917 962 1988 tanto
993 1892 1209 2022 majorem

178 2041 274 2140 Tui
298 2039 640 2140 admirationem.
660 2041 705 2136 in
726 2039 1043 2159 .me.exc'italli,
1079 2049 1213 2176 quana

178 2228 231 2298 to
261 2199 401 2334 magis
428 2193 685 2298 dociilirmis
717 2193 841 2296 Tuis.
860 2196 1134 2302 sermonibus
1162 2233 1214 2302 ea

173 2352 331 2467 rudiri,
366 2349 417 2452 δι
447 2349 500 2450 ad
537 2353 762 2450 interiores
800 2351 1026 2454 Musarum
1067 2349 1212 2456 racel·

173 2509 263 2608 fias.
283 2506 403 2605 viam
448 2499 675 2604 monstrari
720 2502 830 2602 mihi
850 2507 1085 2641 ¹contigit,
1117 2539 1209 2642 qua

174 2663 224 2762 in
249 2691 322 2773 re,
354 2691 638 2792 quocumque
663 2654 827 2773 modo,
863 2661 1069 2792 opera&
1095 2692 1205 2758 con-

171 2802 274 2906 filio
304 2805 540 2936 opitulandi
571 2805 770 2904 voluntas
802 2805 903 2904 Tua
949 2808 1057 2907 mihi
1093 2845 1207 2910 nun·

168 2995 309 3098 quam
341 2957 509 3079 defuit,
545 2960 680 3058 itaut
710 2955 839 3056 Tuae
871 2957 1088 3079 facilitati,
1122 2997 1209 3098 qua

168 3143 242 3216 tot
282 3113 392 3214 milri
436 3113 591 3214 auxilia
630 3109 904 3246 suppeditalli
923 3188 938 3235 ‚
989 3118 1207 3240 maxima,

169 3265 329 3408 quibus
351 3265 596 3400 splendent,
624 3300 882 3374 ornamenta
900 3271 979 3372 loli
999 3269 1105 3372 Tibi
1128 3275 1206 3410 deq

173 3421 301 3521 beant
324 3421 561 3560 Eutropius
588 3423 638 3526 &
668 3419 836 3526 Festus,

244 3575 320 3674 Ad
353 3611 432 3678 eos
477 3583 624 3720 itaque
662 3579 869 3704 redeant,
915 3609 1133 3717 oportet,
1176 3617 1203 3690 a

172 3721 330 3861 quibus
359 3752 529 3832 tanturn
567 3731 892 3830 incrementum
922 3731 1197 3868 adceperunt.

173 3872 372 3978 Ornatus
399 3877 434 3984 st
463 3883 610 3986 minus
651 3880 831 4020 placet,
865 3864 1074 4024 primitias
1109 3877 1201 3984 esse

656 4038 783 4220 ,tt
1117 4069 1200 4178 pu,
