2868 4568
449 173 1087 300 arnnu'arro.

252 407 297 480 de
315 405 523 498 Regnorum
552 393 799 483 Succeffionc,
837 393 973 470 Rufum
996 420 1109 494 aeque
1134 399 1290 496 sequutus

247 500 328 592 cst,
350 519 455 596 atque
472 496 678 588 Eutropium
699 511 783 566 ante
797 493 1054 594 Hieronymus.
1108 499 1189 574 Post
1205 503 1291 574 haec
1411 515 1413 576 j

251 601 290 674 in
309 599 462 672 tenebris
476 593 586 688 jacuit
595 595 720 666 Sextus
738 590 872 680 noster,
886 591 923 666 dc
942 591 965 665 li
982 595 1123 690 quando
1138 599 1292 693 prodiit,

255 699 307 772 ita
326 717 444 769 tamen
468 690 637 785 squalidus
661 689 728 762 suit
753 689 1064 788 deprecatusque,
1104 713 1143 766 ut
1170 719 1289 791 parum
1413 695 1414 700 ’

255 796 462 892 probaretur
477 789 621 861 eruditis
639 787 802 884 ingeniis.
854 777 1018 864 Tandem
1032 791 1079 864 de
1099 793 1289 888 ipsomeri·

258 913 315 966 tus
335 890 385 964 est
398 889 457 982 Jr.
477 885 691 983 Cuspiuiorrus
700 937 713 974 ,
731 885 814 958 dum
829 885 993 960 codicum
1010 890 1203 964 collatione
1221 915 1292 964 cor·

255 989 368 1076 rexit,
382 986 564 1082 doctisque
577 985 725 1057 Scholiis
740 979 936 1058 illustravit.
968 986 1008 1058 N
1010 1009 1053 1060 ec
1070 987 1208 1060 minora
1222 989 1292 1060 Ru·

257 1089 494 1184 fusSylburgio
513 1084 640 1167 debet,
653 1083 712 1176 qui
729 1081 788 1154 suo
807 1080 930 1155 illustri
943 1085 1061 1179 operi,
1089 1086 1183 1182 quod
1198 1087 1289 1158 Rom.

259 1182 425 1281 Historiae
456 1185 594 1254 minores
609 1177 789 1278 scriptores
814 1181 1002 1271 continet,
1035 1183 1132 1257 hunc
1157 1205 1296 1280 quoque

260 1283 407 1358 Sextum
430 1275 595 1354 interesse
615 1279 751 1367 voluit,
778 1273 837 1350 sed
853 1277 967 1352 denuo
983 1278 1215 1378 castigatum,
1242 1304 1296 1354 ac·

260 1380 482 1475 curatiusque
496 1375 729 1471 perpolitum,
748 1374 858 1465 adeo,
881 1395 918 1448 ut
934 1376 1090 1448 Gruterus
1108 1377 1198 1450 nihil
1219 1402 1296 1452 mu·
1415 1464 1416 1468 Ἰ

261 1497 402 1564 tatum,
434 1475 527 1572 quod
554 1495 599 1546 ex
620 1473 810 1546 collati0ne
839 1473 1088 1562 observamus,
1123 1473 1296 1570 Augustae
1415 1473 1416 1539 ξ

260 1574 426 1672 Historiae
442 1568 688 1670 scriptoribus,
728 1594 816 1668 quos
842 1593 910 1643 uno
940 1571 1120 1644 volumine
1156 1573 1297 1662 edidit,

261 1673 358 1748 hunc
384 1693 523 1770 quoque
547 1669 755 1765 adjunxerit.
806 1671 926 1765 Belgae
947 1671 1074 1760 etiam,
1107 1687 1148 1741 nt
1163 1671 1297 1757 solent,

261 1795 335 1848 non
362 1770 527 1862 exiguam
547 1791 691 1864 operam
720 1767 756 1840 in
780 1767 879 1840 Rufo
906 1767 1137 1842 emaculando
1156 1770 1296 1842 locave-

263 1887 357 1944 runt.
447 1867 723 1942 uibusomnibus
738 1862 785 1938 fic
810 1864 857 1938 usr
874 1863 1011 1956 sumus,
1035 1886 1073 1939 ut
1094 1889 1159 1960 per
1185 1865 1296 1962 Cuspi·
1416 1885 1417 1916 t

265 1973 401 2043 aiouurn
483 1968 689 2064 Sylburgium
707 1963 877 2060 imprimis
898 1987 964 2038 nos
986 1961 1170 2060 proiecisse
1187 1963 1297 2037 fatea-

263 2089 355 2140 mur.
391 2067 510 2138 Notas
528 2063 758 2152 subdidimus,
787 2080 826 2133 ut
851 2061 1027 2138 succincta
1049 2064 1203 2137 brevitas
1223 2064 1300 2136 illu·

264 2163 450 2248 straretur,
474 2158 498 2231 sr
518 2158 764 2233 obscuritatem
783 2153 960 2235 attulerit:
987 2162 1095 2236 etiam
1114 2163 1199 2235 ratio
1218 2159 1299 2233 red·

266 2261 408 2332 deretur
429 2254 613 2346 lectionis,
647 2279 751 2354 quam
771 2281 817 2332 ex
838 2261 994 2355 pluribus
1023 2258 1138 2333 snmus
1158 2257 1297 2333 imitati.
1417 2297 1418 2308 κ

167 2403 170 2414 ·
264 2353 447 2429 Sestiones
465 2355 522 2428 scu
544 2357 683 2450 Capita,
710 2358 746 2429 in
767 2358 927 2456 margine
947 2356 1149 2452 adscripta,
1171 2357 1301 2430 aGru·

265 2473 345 2528 tero
375 2455 587 2546 accepimus.
646 2455 734 2528 Sunt
764 2478 876 2545 uero,
913 2456 973 2552 qui
995 2455 1094 2528 Ruso
1123 2455 1300 2529 concisam

265 2552 480 2628 brevitatem
496 2551 691 2648 objiciunt,
706 2549 745 2625 dt
757 2551 970 2628 Historicam
990 2555 1187 2627 ubertatem
1200 2555 1235 2627 in
1254 2574 1300 2624 eo

190 2699 196 2720 .
266 2647 491 2742 desiderant,
527 2673 595 2724 nec
616 2651 762 2746 dignum
784 2651 936 2741 habent,
960 2655 1019 2748 qui
1040 2650 1229 2726 Historicis
1245 2672 1301 2723 ac·

268 2750 459 2823 censeatur.
507 2747 683 2836 Sedesto,
703 2749 878 2822 brevitate
892 2751 998 2826 artari
1017 2747 1110 2848 (hoc
1125 2749 1222 2824 enim
1239 2744 1299 2842 ipli

269 2845 485 2942 propofitum
506 2845 622 2945 suitt)
647 2870 700 2920 res
720 2847 847 2920 multas
863 2865 980 2922 tamen
998 2846 1036 2921 dt
1054 2870 1202 2944 magnas
1223 2849 1300 2918 bre·

268 2945 370 3016 vibus
388 2945 506 3018 verbis
526 2943 729 3038 complexus
753 2943 823 3018 est:
854 2943 1061 3035 facetiam,
1085 2944 1302 3038 Historicum

269 3063 343 3116 non
367 3039 435 3114 elle
451 3064 467 3128 ;,
496 3040 547 3115 est
575 3059 692 3116 tamen
717 3044 908 3116 calculator
938 3041 1200 3128 Historiarum,
1237 3042 1301 3134 qui

270 3161 352 3212 aere
367 3140 522 3211 breviori
536 3141 572 3212 in
587 3141 753 3212 summam
767 3140 910 3240 collegit
922 3198 933 3228 ,
945 3164 1034 3237 quae
1048 3141 1103 3214 alii
1119 3136 1300 3212 verbosius

270 3235 310 3310 dt
330 3261 390 3334 per
416 3239 580 3408 ambages
599 3257 859 3313 enarraverunt.
911 3239 1007 3341 Quid
1023 3239 1152 3312 multa‘l
1174 3237 1302 3312 Omni·

270 3335 356 3425 bus,
388 3335 514 3430 quino
546 3357 619 3406 rum
646 3355 831 3432 carpunt,
853 3337 1135 3434 incomparabilis
1155 3335 1302 3431 Scaliger

272 3433 406 3526 opponi
429 3432 553 3520 debet,
578 3432 638 3526 qui
662 3432 696 3509 in
713 3436 914 3509 Eusebianis
930 3437 1039 3509 Notis
1063 3455 1199 3508 tantum
1221 3437 1299 3509 Sex.

270 3528 372 3602 Ruso
385 3531 539 3628 tribuit,
562 3551 730 3625 quantum
753 3535 814 3605 vix
832 3534 890 3606 ulli
909 3532 1179 3628 Historicorum.
1230 3533 1300 3606 Hie

271 3629 372 3700 nobis
387 3626 437 3699 est
452 3627 557 3704 instar
572 3628 767 3724 amplillimi
789 3631 939 3716 theatri,
964 3653 1070 3724 quum
1088 3654 1174 3706 vere
1193 3653 1304 3726 repre·

146 3783 149 3790 .
271 3719 380 3794 hendi
405 3743 574 3820 nequeat,
600 3748 704 3821 quem
728 3729 874 3826 Scaliger
890 3727 1102 3804 laudandum
1118 3725 1303 3820 duxit,&

270 3815 345 3912 ipse
360 3819 461 3918 saepe
475 3816 640 3900 laudavit.

1034 3996 1039 4004 '
1164 4003 1239 4082 rD.
1257 4005 1308 4080 N.
