2868 4546
462 229 1156 344 PRAEFATIO.

274 431 352 568 'Jui
377 441 594 558 destderiun
620 471 694 532 non
722 445 969 560 relinquunt,
999 475 1208 564 earumque
1223 445 1327 559 sr'ua

281 564 373 677 slra
407 559 700 673 quacfitarum‚
739 585 835 672 quas
866 561 1005 670 Floro,
1044 563 1222 672 Justino‚
1249 578 1323 650 aut

290 672 489 777 Historiae
521 672 716 756 Romanae
749 674 1011 780 scriptoribus
1043 674 1249 786 adjunllas
1268 680 1322 761 in

290 785 396 877 utut.
427 785 523 870 Lat.
555 783 621 890 Jo.
641 783 734 872 Alb.
753 783 983 900 Fabricius,
1020 787 1076 890 &³
1103 787 1244 898 Praef.
1271 785 1326 874 ad

284 899 453 984 ·Florum
484 897 527 980 C.
553 899 607 980 A.
639 895 822 980 Dulcerus
851 897 897 983 V.
926 901 967 1012 C.
991 900 1233 1010 recensuere,
1249 901 1319 1008 ja·

291 1005 444 1098 &uram
458 1007 616 1118 sarcire
635 1006 848 1112 judicamus
859 1007 1022 1120 stngulis
1030 1008 1116 1122 suis
1144 1013 1228 1096 locis
1246 1028 1319 1120 per

291 1147 357 1208 nos
358 1115 583 1231 subjunllas
595 1120 807 1205 Variantes
819 1116 1038 1227 Lollianus,
1066 1120 1122 1225 &⁹
1137 1119 1320 1207 Animad-

293 1232 627 1432 dilituit
642 1227 1328 1450 dissimillimum

629 1402 641 1440 9
1309 1401 1323 1444 9

295 1456 478 1554 Gnosii,
526 1451 725 1537 Meilomt‘i
750 1455 982 1565 aliorumque
1008 1455 1229 1562 congestas,
1268 1453 1326 1541 ad

291 1565 490 1663 Hilloriat
521 1565 719 1648 Romanae
749 1569 984 1673 Scriptorum
1012 1565 1200 1651 Editiont's
1219 1565 1325 1676 suae

292 1679 428 1765 calcem
456 1678 591 1787 rejecit
617 1675 835 1760 Fridericus
860 1677 1079 1789 Sylburgs'us
1100 1685 1253 1790 egregie
1277 1679 1323 1762 de

292 1789 437 1894 Nollro
462 1793 653 1885 meritus,
691 1793 752 1872 ita
780 1804 826 1872 ut
854 1789 904 1875 ab
922 1791 1003 1900 ejus
1029 1785 1203 1876 Lollione
1228 1789 1323 1874 nilsil

283 1905 379 2014 sere
405 1899 558 1987 recedat
591 1901 822 2000 Gruterus,
859 1907 919 2014 cui
953 1919 1082 1990 tamen
1114 1899 1259 2010 Rufina
1278 1905 1318 1987 irc

292 2006 1105 2234 llll.ldtllllt¹ltdmdtdt
1117 2010 1323 2232 §W

293 2241 476 2326 rietatem
502 2234 663 2319 contulit
691 2233 978 2344 corpophoras
1009 2237 1223 2335 cellarius,
1254 2240 1325 2349 qut'

292 2354 335 2436 in
353 2345 418 2432 boc
441 2341 599 2439 nullorc
621 2345 856 2454 inlustrando
871 2351 1007 2432 ceteris
1014 2343 1136 2455 focile
1150 2348 1323 2460 palmam

289 2463 528 2574 praeripuit.
589 2459 748 2544 Cellarit'
775 2481 872 2542 uero
896 2456 1152 2571 discrepantes
1179 2457 1323 2546 Lollio·

294 2596 359 2658 nes
380 2599 427 2659 ac
456 2587 590 2673 notas,
610 2577 694 2678 puis
719 2574 916 2682 perpaucis
935 2587 1087 2674 tamen,
1114 2569 1171 2676 &³
1199 2573 1324 2656 conla-

294 2690 397 2772 tione
429 2685 514 2770 Ccd.
546 2683 636 2766 MS.
668 2683 880 2794 Leidenfis‚
916 2687 1023 2793 cujus
1048 2691 1090 2770 in
1106 2683 1231 2796 praed.
1251 2709 1323 2766 me·

294 2801 431 2896 misit,
448 2793 521 2905 sed
545 2795 794 2905 negligentius
816 2793 971 2905 inlptllt‘
1001 2823 1139 2882 nouum
1170 2795 1326 2883 exhibui

296 2908 562 3011 conlationem,
590 2905 727 2992 audias
747 2911 937 3016 Eutropio
946 2907 1196 3022 fisoficbmisu
1219 2911 1328 3018 Sige-

297 3020 430 3106 bertus
460 3017 755 3125 Havertampus
783 3019 830 3104 V.
853 3021 894 3103 C.
934 3023 1025 3107 llas
1047 3025 1160 3105 etiam
1178 3043 1328 3123 omnes,

296 3157 344 3216 ne
373 3131 465 3243 quid
491 3137 532 3216 in
560 3131 631 3216 hac
650 3129 812 3216 editione
829 3130 1132 3242 desideraretur,
1162 3130 1326 3239 Sylbur·

295 3247 425 3356 glanis
441 3239 641 3353 subjunxi.
695 3245 825 3352 Quum
845 3259 972 3330 tamen
980 3239 1026 3352 se
1044 3242 1220 3328 ultimam
1245 3245 1325 3330 Cel·

299 3355 396 3442 larii
429 3355 657 3458 editionem,
693 3383 771 3476 qua
799 3355 931 3440 Halae
955 3353 1094 3464 magt.
1124 3359 1179 3441 A.
1210 3358 1324 3462 1698»

301 3471 401 3576 typis
423 3465 613 3574 descripta
640 3465 716 3576 ipsc
737 3469 883 3575 semper
903 3463 1138 3570 ultumam,
1154 3465 1324 3578 secutum

289 3577 408 3688 Juiffe
436 3576 647 3687 testaretur
674 3579 1000 3686 Hauertampus,
1036 3581 1192 3690 priores
1209 3584 1327 3664 etiam

299 3689 455 3776 uidendi
474 3687 660 3800 cupiditas
678 3686 843 3800 inceffit.,·
859 3707 1067 3800 propterea
1084 3695 1186 3804 quod
1205 3692 1286 3777 Call
1313 3733 1328 3750 ·

301 3802 624 3886 rianaeetlitiom's
647 3805 699 3884 A.
717 3807 831 3908 1679.
862 3809 1087 3890 meminerat
1107 3806 1325 3897 Fabricius·

298 3915 410 4004 Anni
436 3935 531 3995 acro
564 3915 680 4027 1678.
729 3913 785 3999 ad
809 3913 978 4026 llloleilill.
1017 3919 1101 4003 llic.
1133 3911 1328 4024 Heinstum

1256 4023 1329 4134 Jo.
