2918 4590
269 303 428 386 mmm
520 283 1091 379 PRAEFATIO

121 533 127 552 ,
265 475 399 559 rnen,
438 445 527 566 quia
559 478 605 540 ea
637 473 718 538 etat
755 453 1057 564 Bibliopolarum
1096 460 1301 564 voluntas,

264 591 385 680 quam
415 573 503 680 quia
531 570 570 652 id
601 567 843 652 necessarium
872 569 1079 655 videbatur.
1140 576 1301 681 Alioqui

266 680 455 792 quaedam
477 677 698 788 rejecissem,
726 679 911 788 quaedam
932 683 1157 782 recepissem.
1209 691 1297 797 Sys·

268 796 395 908 burgii
416 817 546 878 tamen
567 791 798 879 ‘Editinnem
825 793 936 878 serius
964 792 1161 880 offendisse
1180 801 1302 908 piger,

266 915 374 1012 cujus
398 908 566 1020 integras
593 902 772 990 dedissem
802 903 1091 993 observationes.
1150 913 1297 1016 Quem-

263 1017 476 1108 admodum
500 1021 733 1104 Cellarianaa
753 1017 1088 1127 ab.Harercampo
1105 1022 1215 1108 serius
1238 1026 1296 1106 in·
1330 1046 1333 1062 ·

264 1151 399 1218 ventas
429 1134 500 1219 suia
528 1134 622 1216 locis
643 1131 811 1214 inserui*
848 1129 1015 1215 Gruneri
1050 1158 1201 1240 quoque
1224 1165 1296 1222 no·

263 1265 322 1331 tan
345 1247 481 1329 lubens
501 1239 733 1348 adjecissem,
760 1239 829 1326 nisi
850 1251 1031 1350 majorem
1051 1248 1192 1351 Operis
1211 1277 1295 1332 mo,

262 1362 340 1445 lem
371 1375 437 1442 aut
468 1355 764 1469 Typographi,
800 1357 865 1465 qui
893 1356 934 1438 in
962 1381 1046 1440 eam
1074 1354 1294 1447 Editionem

263 1466 507 1582 prodendam
527 1470 699 1576 inpensas
718 1469 831 1571 fecit,
851 1472 1041 1576 quereiam
1062 1471 1292 1575 metuissem,
1426 1541 1428 1548 .

262 1609 384 1692 quum
413 1609 498 1666 erun
527 1607 632 1666 nune
657 1583 709 1665 ita
727 1583 914 1684 recensui,
943 1602 987 1666 ut
1014 1607 1137 1688 neque
1163 1585 1296 1688 issum,

263 1721 390 1805 neque
427 1691 624 1778 Editorem
654 1695 849 1802 poenitere
880 1691 1004 1804 possit.
1066 1697 1172 1804 Quia
1197 1723 1293 1780 nero

262 1807 324 1893 Cl.
345 1809 568 1894 Heumanni
597 1809 803 1892 nonnullas
834 1807 1127 1892 Observationes
1159 1805 1293 1914 adjecit

183 1935 184 1942 ‘
262 1917 580 2030 Havercampus,¹
602 1937 744 2005 ceteras
770 1947 858 2007 cnm
891 1921 948 2006 Cl.
971 1919 1155 2006 Grunero
1188 1949 1293 2005 com-

234 2035 477 2120 ·municatnr
505 2059 554 2119 ex
573 2059 622 2119 eo
646 2031 828 2141 descripfi.
885 2031 1036 2119 indices
1065 2055 1140 2118 tres
1167 2061 1292 2119 novos

261 2144 419 2249 addidi,
448 2173 610 2254 quorum
639 2145 962 2252 primumquod
989 2147 1150 2229 aliorum
1177 2151 1289 2234 venia
1358 2216 1366 2228 .

159 2281 162 2294 ·
260 2257 449 2363 dixerim,
479 2258 645 2337 maxime
672 2253 914 2339 necessarium
942 2253 1125 2360 judicavi:
1162 2259 1292 2360 Quem

261 2371 370 2456 eninr
402 2395 452 2452 ex
477 2363 727 2452 Dostissrmae
745 2367 926 2451 Feminae
944 2364 1125 2470 Editione
1145 2369 1294 2454 Havet-

264 2498 424 2592 campus
447 2477 577 2582 dedit,
604 2477 704 2562 vitiis
728 2480 863 2564 scatere
881 2499 1061 2587 expertus
1079 2480 1182 2584 sum,
1210 2481 1291 2589 qui-

264 2621 341 2705 que
368 2594 417 2678 ab
444 2595 525 2678 aliis
542 2588 768 2702 composui,
797 2615 862 2678 aut
884 2596 1002 2686 solam,
1019 2591 1290 2695 Latinitatem,

264 2727 332 2795 aut
350 2707 653 2820 Chronologiam
673 2703 862 2818 spedant,
885 2707 1009 2791 saitem
1030 2733 1112 2791 non
1134 2734 1292 2792 omnem

263 2847 391 2908 rerum
411 2849 456 2906 ac
474 2820 679 2905 verborum
701 2822 876 2905 notitiam
895 2818 1086 2904 exhibent.

322 2939 387 3020 De
405 2935 483 3042 ipso
505 2932 693 3043 Eutropio
714 2937 885 3018 certiora
902 2929 1086 3043 quaedam
1108 2931 1291 3036 prodidis-
1376 2922 1380 2939 ,

263 3048 343 3133 sent
364 3049 455 3130 Viri
479 3043 622 3148 Dour,
651 3073 764 3155 quam
794 3051 949 3130 vellem!
981 3073 1070 3128 nam
1096 3051 1157 3150 qui
1182 3052 1292 3128 lanus

17 3237 18 3248 n
263 3161 314 3246 de
342 3161 408 3245 isso
427 3160 539 3270 egisse
562 3157 698 3245 dicitur
719 3160 926 3259 Mosserus,
955 3165 1034 3263 ejus
1059 3155 1293 3240 Dissertatio·

20 3322 23 3353 .
161 3376 166 3386 ἱ
264 3301 356 3359 nem
390 3273 519 3358 ridere
550 3282 631 3355 non
660 3273 849 3383 contigit,
879 3293 945 3372 ut,
972 3267 1082 3376 quod
1112 3271 1152 3349 in
1182 3265 1291 3352 Festo

265 3387 482 3492 observari,
510 3385 625 3468 etiam
646 3385 728 3486 hic,
754 3382 820 3467 etsi
842 3381 1290 3495 paucissrmis‚quaedam

265 3502 306 3584 in
329 3497 495 3584 medinm
514 3497 684 3607 proferre
698 3523 834 3608 nogat.
890 3499 1027 3581 Flavii
1058 3521 1292 3598 praenomen

266 3614 455 3719 Eutropio
477 3611 685 3696 fuissetne
707 3609 857 3723 Sigonii
887 3609 930 3693 dt
960 3607 1086 3694 Bastsr.
1102 3605 1292 3692 Bonifatii

264 3727 489 3811 auetoritate
505 3727 647 3809 nititur.
705 3725 844 3832 Neque
861 3725 965 3806 enim
984 3722 1023 3802 in
1046 3719 1190 3804 Codice
1211 3750 1290 3808 ma·

264 3867 318 3922 nu
337 3837 379 3920 &
406 3841 509 3949 typis
538 3855 695 3923 exarato
720 3839 822 3938 ullo,
851 3860 975 3944 neque
1005 3835 1109 3944 apud
1136 3835 1294 3920 Veteres

265 3953 451 4074 ejrumodi
471 3977 705 4068 praenomen
734 3949 933 4040 obcurrere
949 3958 1030 4058 jam
1054 3952 1206 4035 monuit
1226 3947 1291 4148 ξι.
1327 3989 1330 3992 -

1258 4085 1295 4142 a·
