2860 4554
359 227 729 316 BREVIAR.
778 241 873 316 Ltn.
921 241 968 316 X.
1088 247 1181 332 489.

124 414 224 495 suriit
247 437 256 492 t
283 415 396 512 ipsum
427 413 604 512 postremo
637 413 778 488 Rornae
810 412 998 488 adversum
1030 414 1166 488 nobiles
1243 433 1246 440 ·

127 523 148 570 ¹¹
176 515 339 588 omnibus
359 517 477 588 exitiis
493 515 735 610 saeuientem,
759 515 849 606 apud
875 529 1019 605 pontem
1042 513 1051 561 ἰ
1071 512 1168 583 Mul-

128 617 231 688 vium
251 615 364 698 vicit,
388 615 557 708 Italiaque
574 607 626 684 eil
646 611 791 702 potitus.
834 613 851 682 i
877 611 965 682 Non
984 595 1093 678 rnultb
1107 608 1167 678 de·

129 713 256 807 inceps
278 713 315 785 in
337 711 484 786 Oriente
500 715 638 810 qtioque
657 707 837 782 adversum
852 705 1030 780 Licinium
1049 706 1182 778 Mari--

335 903 562 971 vastae
605 901 967 971 Lucetortns.

169 1053 192 1116 h
210 1051 371 1112 Hominibus
389 1049 481 1124 Lugd.
502 1052 565 1110 Bat.
587 1067 613 1110 1.
1099 1053 1105 1078 ¹

175 1132 184 1186 i
205 1127 337 1187 Miluium
357 1129 385 1188 S.
406 1129 439 1188 Β.
461 1131 498 1187 (i.
518 1129 554 1187 V.
584 1127 630 1186 Sc.
657 1125 748 1204 Lugd.
773 1127 837 1186 Bar.
871 1139 900 1202 3.
929 1139 955 1200 5.
984 1123 1177 1188 Molosson

134 1204 272 1266 Melinum
292 1221 319 1266 2.
340 1204 471 1263 Molliunt
490 1207 536 1264 M.
556 1205 590 1264 L.
606 1205 670 1274 LC.

173 1281 275 1344 leNort
292 1285 372 1343 multo
387 1279 445 1358 posi
461 1281 578 1358 deinceps
599 1280 686 1358 vulg.
773 1315 777 1322 ·

440 1405 806 1486 'Nortia

166 1555 272 1606 nuntias
297 1559 374 1608 exitiis
388 1557 557 1666 suasissem}
572 1559 635 1606 Vide
673 1558 780 1606 wissara
798 1557 948 1606 locaveratis
962 1554 1094 1617 transgreffla
1107 1556 1171 1602 Ts'ias·

133 1619 168 1668 tle
183 1623 227 1666 bec
243 1619 343 1668 saeuitia
362 1621 486 1668 Maxentii
506 1621 541 1666 Eu
554 1621 636 1668 eblum
674 1625 698 1668 ri
711 1623 841 1679 intarrapsut
853 1619 891 1676 ssi.
908 1621 939 1665 Λ.
952 1617 975 1663 s.
997 1619 1063 1664 Utue
1080 1619 1172 1664 instita

135 1685 301 1744 trasturas.
317 1683 353 1732 16.
370 1683 397 1730 ln
409 1693 532 1730 tnttronss
542 1717 551 1742 ,
561 1683 637 1730 inse·
675 1681 759 1729 Rubras
781 1681 928 1739 progressum
949 1679 1103 1728 Maxentium
1118 1680 1172 1728 acie

138 1755 240 1791 natores
250 1777 259 1802 ,
271 1745 296 1790 in
310 1741 449 1794 universum
461 1747 580 1804 pnptuurn
586 1746 638 1794 ito-
676 1743 737 1790 uicit
763 1743 952 1788 Constantianos
973 1742 1112 1789 Maxentius
1132 1753 1174 1788 ur·

139 1817 239 1854 manunt
250 1806 463 1854 miraentrrantur
473 1805 637 1855 crudelitates.
677 1805 734 1854 bem
751 1803 807 1862 suga
826 1805 996 1863 repetiturus,
1020 1805 1106 1851 iisdem
1121 1803 1176 1852 ins-

142 1869 239 1924 &ctn
254 1879 290 1923 ιγ.
307 1879 408 1922 narrat,
422 1869 576 1925 Sophronam
588 1881 638 1917 tna·
676 1869 723 1916 diis
742 1865 835 1914 navalis
854 1865 954 1925 pontis,
976 1877 1035 1922 quas
1054 1867 1174 1912 Conslan-

141 1939 238 1976 tronatn
263 1931 384 1986 quondan
401 1931 443 1978 sibi
459 1942 564 1978 mortem
580 1943 640 1980 con·
678 1930 729 1979 tino
746 1929 884 1985 (tristent,
903 1927 1054 1986 interceptus
1067 1930 1088 1974 lt
1099 1929 1174 1974 'silae-

142 1991 255 2102 tgiuilse,
269 2005 301 2040 ne
316 1993 370 2050 eius
389 1993 414 2040 in
435 2006 520 2042 manus
536 1993 640 2046 veniret.
678 1993 810 2102 risgurgcite
822 1991 960 2040 subruerint
971 1990 1013 2038 eil.
1026 1992 1173 2042 derasisse.

167 2065 224 2102 [usta
326 2079 333 2096 θ
678 2069 752 2114 ἦι40.
789 2069 843 2104 Eun

177 2115 464 2182 Apulpaatsaslliilvs'an]
479 2119 553 2170 Vetus
562 2119 640 2179 iiber,
711 2121 852 2174 illustrium
867 2133 903 2166 rss
923 2132 990 2164 novas
1010 2113 1111 2180 nalitus]
1125 2112 1174 2163 iiie

143 2191 194 2228 trun
208 2181 279 2227 nabet
289 2183 404 2229 Missis..
420 2183 512 2232 Vruar.
537 2185 582 2244 Qui
595 2196 637 2230 ert·
678 2184 810 2232 sceleratus
833 2181 870 2229 uir
886 2179 964 2228 sasius
979 2181 1069 2230 Caesar
1081 2185 1111 2229 ab
1122 2181 1172 2228 Ga·

1104 803 1169 876 rni-
1262 795 1269 810 '

143 2253 181 2291 tra
200 2245 287 2291 urbem
309 2245 363 2304 est,
386 2257 434 2303 qtra
454 2246 501 2294 itur
525 2247 550 2296 ln
569 2248 638 2294 Pice·
676 2246 739 2295 letio
755 2244 928 2304 Maximiano,
942 2245 1010 2304 quod
1025 2257 1056 2293 es
1070 2243 1122 2300 eius
1135 2243 1174 2292 se·
1264 2295 1265 2307 χ

143 2316 210 2354 nutu.
229 2307 310 2356 Grati.
343 2309 474 2358 Maxentius
491 2311 542 2358 sara
554 2311 638 2364 adsar-
676 2321 732 2358 rore
745 2310 801 2358 esset
815 2309 919 2368 genitus,
939 2307 964 2354 ln
979 2309 1122 2356 crudelitate
1134 2319 1174 2353 te·

135 2368 176 2428 fos
187 2368 514 2434 cmssansiaassesagreditar,
524 2373 638 2436 paulosa-
675 2373 758 2422 serena
775 2375 943 2428 avuncuiuut,
960 2371 1101 2431 etcopiose
1118 2382 1173 2417 tror-

138 2435 216 2492 pm'as
233 2450 249 2479 a
264 2445 331 2493 passu
344 2436 444 2494 Mesala,
462 2439 488 2484 in
498 2449 582 2497 pearata
598 2453 638 2484 aa·
677 2451 715 2485 rtt
730 2436 847 2484 Eusebius
860 2436 883 2482 in
900 2429 1174 2495 Fflclniasticaabrliarina

146 2497 211 2556 siglis
220 2497 350 2554 compulisses
364 2501 393 2545 ab
402 2501 472 2545 istm
481 2501 567 2562 ingredi
575 2497 639 2562 fasti·
677 2502 716 2548 lib.
730 2513 784 2546 vttr.
797 2511 846 2559 sap.
864 2509 902 2553 17.
921 2497 1020 2544 &initio
1031 2501 1070 2546 iia.
1085 2509 1121 2545 ix.
1145 2497 1173 2543 ln
1268 2495 1274 2508 ’

145 2571 219 2612 aaut,
236 2558 298 2618 lapsa
313 2561 363 2620 equi
376 2561 400 2606 sa
409 2559 544 2620 prestantius·
559 2563 641 2608 kater-
680 2562 752 2610 causa
767 2559 830 2616 fult,
844 2560 911 2618 quod
925 2559 1024 2618 magicis
1037 2559 1128 2608 astibus
1138 2559 1175 2606 in·

140 2616 234 2678 fitensi,
253 2631 395 2682 aerataeque
418 2625 468 2670 ilua
484 2625 579 2686 panim
593 2626 639 2670 sla·
676 2622 756 2672 sessus
779 2633 839 2670 erut.
879 2620 943 2680 Sagis
966 2623 989 2668 bt
1004 2625 1121 2671 malarum
1135 2633 1176 2668 er·

148 2683 294 2742 raelsaarpas
309 2683 349 2728 oia
367 2693 483 2742 ιφινιιι.
514 2685 600 2733 Vibius
615 2686 640 2732 in
677 2687 736 2734 tiutn
759 2683 902 2732 destoribus
919 2685 1026 2732 bonores
1053 2683 1175 2732 maximos

98 2777 102 2794 .
145 2741 254 2802 Ερίιοιιι.
287 2743 641 2800 lluncpnnrenritacuniltu·
678 2749 816 2804 tribuebat,
834 2747 908 2794 urbes
927 2745 1065 2808 spoliabat,
1083 2749 1174 2796 rnultos

147 2805 388 2864 xeratMsxenrius‚
403 2820 428 2855 ut
442 2811 471 2857 ab
486 2823 533 2857 una
548 2809 601 2868 ripa
611 2809 641 2858 ad
679 2810 858 2871 proscribebat,
867 2809 993 2866 ingentem
1003 2810 1121 2870 colligens
1129 2821 1174 2868 pe·

147 2873 248 2918 siteratn
269 2881 321 2918 non
335 2868 502 2931 pertingeret,
526 2873 567 2920 sed
582 2873 641 2920 riuas
681 2873 777 2922 cuniam
788 2906 796 2932 ‚
807 2884 833 2920 ut
847 2871 936 2919 milites
947 2871 1082 2934 saginaret,
1096 2871 1175 2921 acin·

146 2933 171 2982 in
187 2944 271 2992 partes
286 2933 318 2980 ita
334 2931 459 2996 uersum,
478 2947 505 2984 nt
519 2934 545 2984 ln
559 2935 642 2984 rnedio
680 2935 789 2996 gisiricus
803 2933 1035 2996 satiaret,pnrator,
1046 2935 1176 2992 scortator,

147 2993 248 3045 flumine
271 3007 445 3056 persuasaque
466 2997 547 3057 pontis
562 2997 644 3048 fibulis
681 2999 798 3058 virginum
812 3010 842 3045 ac
856 3009 1021 3046 matronarum
1039 2998 1176 3058 stuprator,

57 3119 67 3129 ⁸
146 3059 235 3106 setteis
256 3057 463 3119 conjungeretur,
483 3073 546 3119 quae
562 3062 642 3109 revel·
681 3061 1178 3120 Christianorumhuilistnecntotuspoe·

148 3123 261 3172 lebantur
275 3135 331 3172 curn
349 3123 402 3181 quis
416 3135 519 3184 rientem
531 3123 642 3182 iunslurn
681 3139 712 3174 ιιι
727 3124 855 3182 avuncuii,
865 3137 936 3184 quarn
953 3123 988 3171 itti
1002 3123 1089 3173 inflixit
1097 3127 1176 3186 Deus,

150 3187 236 3234 nollet.
259 3186 297 3258 ¹lit
313 3191 479 3262 imperaverat
502 3187 598 3262 sabeis,
618 3199 644 3236 ut
682 3199 773 3236 novant
788 3187 945 3235 afflisiionern
963 3187 1085 3236 Ecclesiae
1096 3185 1182 3244 iniune

150 3251 645 3373 iustitiis-²„„isisliiliiiil
680 3253 807 3374 llus*
825 3251 1177 3372 lillctlslilt‘tln

153 3381 198 3430 re,
218 3369 304 3420 fibulas
326 3379 475 3425 revellerent
498 3391 526 3426 ac
542 3389 644 3437 pontem
683 3379 795 3436 Tyrum.
814 3377 854 3426 ubi
876 3380 965 3425 multos
988 3377 1095 3424 occidit:
1111 3379 1177 3434 leuet

152 3432 295 3493 solverent,
313 3449 338 3484 ut
353 3439 383 3486 ita
398 3452 519 3498 quotquot
536 3442 577 3490 iric
591 3441 645 3488 iufi·
682 3441 768 3492 aeneis
777 3439 865 3488 tabuiis
876 3443 971 3498 erexit,
985 3439 1009 3486 in
1021 3439 1109 3496 quihus
1118 3451 1176 3496 pro·

153 3497 260 3554 sterent,
283 3499 308 3545 itt
337 3499 437 3552 fluvium
463 3505 644 3553 deliberentur.
682 3505 753 3552 sessus
766 3503 800 3550 eil
820 3503 882 3552 aeris
898 3503 952 3550 sore
964 3506 1093 3550 laetiorem
1116 3513 1179 3550 tern-

154 3560 199 3608 Sed
220 3559 359 3612 Maxentius
390 3565 476 3616 insidiis
499 3579 559 3624 quas
583 3566 644 3615 bosi
682 3567 815 3627 penaten,
839 3578 868 3614 ae
888 3577 967 3613 terrae
987 3564 1178 3613 foecunditatem

154 3635 282 3696 nataverat
303 3623 460 3688 interceptus.
498 3630 557 3678 inde
573 3631 642 3679 intel·
684 3629 896 3680 abundannbretn.
911 3630 973 3676 Cum
988 3641 1066 3679 autern
1082 3641 1113 3680 ert
1127 3627 1177 3676 Del

154 3685 264 3743 irgendus
281 3685 365 3736 vietor
375 3691 399 3738 iu
414 3691 576 3750 Caesaribus,
591 3707 645 3752 pag.
683 3691 1177 3752 providentiaconrruriuntnrotitnoeue·
1197 3737 1203 3742 .

157 3759 211 3805 175.
229 3749 269 3798 Ssi
286 3751 416 3802 Maxentius
433 3759 530 3803 associas
543 3759 567 3802 ia
585 3758 645 3816 dias,
684 3757 838 3811 niretanno,
855 3755 1039 3814 leucastrense,
1060 3755 1177 3806 immensa

154 3811 240 3862 rask·
259 3815 312 3861 arba
326 3817 416 3876 iassae
429 3822 499 3866 salsa
516 3823 587 3868 saillis
594 3821 645 3883 fir·
683 3817 926 3878 satttes,rnagisatlco
937 3819 1000 3866 inter
1009 3831 1092 3877 gentes
1103 3833 1177 3876 quana

153 3891 185 3928 ne
205 3891 280 3926 man
297 3883 416 3942 agarem
434 3881 572 3942 narreffiu,
594 3884 646 3930 duat
684 3883 850 3944 Christianos,
867 3879 945 3930 coasll
961 3883 1012 3930 sunt
1022 3883 1100 3931 miseri
1110 3881 1179 3928 Chri·

154 3937 645 4008 sassaatisfaglaassmtilpuaaireeipe·
683 3949 772 3998 ilianos
789 3947 930 4002 implorare.
958 3947 1032 3996 Putre
1048 3947 1178 4004 positurum

151 4013 197 4070 rat,
230 4005 313 4068 institis
327 4021 387 4072 qaas
406 4005 458 4068 lolli
478 4011 558 4072 opud)
573 4025 643 4060 aesca
683 4010 856 4063 Constantinus
869 4009 1019 4124 Mllgmmm
1030 4009 1180 4121 uitiisetiiai·

955 4087 983 4132 5,
1084 4081 1176 4124 uirtutis
