2868 4546
409 175 1118 274 PRAEFATIO:

243 379 362 471 laudi
381 379 512 492 abseem
531 381 719 492 praebant
738 380 939 494 fugaciori
963 387 1137 496 iugenio:
1164 413 1285 502 oeque

243 495 334 580 ullis
349 494 405 580 ad
429 497 509 580 loca
538 492 605 578 oel
628 494 852 607 deprauata
880 497 948 582 vel
958 495 1140 610 suspeda
1164 505 1286 589 inmu-

243 607 369 702 tanda
385 603 522 716 abufics
529 603 641 716 sum,
668 608 739 716 aifi
754 609 821 692 ubi
838 612 964 720 major
983 609 1202 700 aulloritas
1218 639 1282 700 ac·

245 719 422 822 cederet,
450 715 506 821 {oi
534 743 694 830 quorum
722 719 895 832 quadam
914 721 1076 832 velligia
1100 723 1183 835 ipsa
1192 726 1281 838 fier-

245 847 369 924 oaret
397 829 567 917 aullor:
604 832 907 940 quemadmodum
934 833 1051 922 libelli
1079 863 1278 946 argumen-

221 961 357 1047 ¹,iurem
382 943 482 1056 quod
496 957 571 1053 pro
592 943 716 1028 lubitu
734 941 933 1054 effingeudi
946 947 1014 1058 jus
1025 945 1100 1058 fibi
1112 949 1280 1034 violico-

247 1071 369 1158 ruut,
397 1069 581 1168 quotquot
611 1051 709 1161 Felli
730 1057 941 1165 opusculum
964 1085 1079 1145 manu
1102 1062 1170 1146 vel
1183 1065 1278 1171 typis

248 1184 510 1272 exararunt,
538 1161 612 1274 fid
643 1167 822 1271 plenius.
857 1195 971 1278 quam
998 1175 1177 1258 couciuua
1202 1175 1282 1284 ejus

249 1283 428 1370 brevitas
439 1277 560 1388 sert,
588 1305 610 1362 e
632 1279 847 1364 Gollolana
865 1277 1020 1366 lellioue
1037 1281 1198 1394 repofiui.

306 1391 405 1499 Jam
423 1415 519 1474 vero
541 1389 637 1495 Rufi
652 1395 821 1490 meritis,
849 1391 894 1476 dc
910 1393 1044 1500 quibus
1059 1397 1100 1476 iu
1112 1396 1281 1502 praesa·

185 1567 190 1576 ·
250 1503 413 1593 clunibus
443 1500 619 1608 differuit
640 1501 853 1602 (bellamus,
880 1501 977 1586 nibil
1006 1500 1144 1603 babeo,
1177 1505 1281 1616 quod

249 1615 415 1716 addam,
432 1615 537 1723 satis
557 1642 583 1698 a
603 1618 694 1697 uiro
713 1610 974 1725 Eruditifflmo
993 1613 1189 1701 laudaris:
1212 1615 1285 1722 etfi

252 1735 297 1816 de
318 1727 394 1837 ipso
401 1729 616 1836 scriptore,
646 1727 798 1837 ejusque
817 1731 959 1812 momine
988 1752 1033 1812 oc
1052 1731 1142 1814 vita
1161 1726 1283 1839 dispu-

250 1840 365 1928 caude·
385 1841 563 1948 gratiam
581 1831 755 1944 ficilleut
784 1835 933 1936 Dolli,
973 1865 1087 1951 quam
1118 1840 1282 1928 vellem:

251 1956 367 2064 Quae
391 1956 487 2036 euim
504 1965 594 2032 uoto
602 1945 800 2056 laticsecit
813 1948 952 2058 lorsam
983 1951 1033 2034 D.
1046 1949 1098 2032 G.
1122 1953 1285 2036 Molleri

250 2063 509 2169 Differtatio‚
536 2059 581 2146 de
611 2063 730 2144 Sexto
758 2061 864 2166 liufo
879 2091 906 2144 o
930 2061 984 2144 Cl.
1009 2061 1189 2144 Fabricio
1207 2087 1285 2150 roe·

252 2189 410 2264 morata
426 2198 453 2259 a
470 2199 526 2256 mc
545 2175 716 2258 inueniri
733 2197 805 2256 ooo
831 2175 979 2280 potuit,
1009 2187 1054 2254 ut
1077 2170 1193 2256 dubia
1211 2177 1286 2258 mi·

252 2287 296 2376 bi
321 2285 377 2388 εἰ
403 2289 554 2371 incerta
580 2284 821 2384 uideantur,
860 2307 1108 2394 quaecumque
1137 2288 1178 2370 iu
1210 2311 1290 2371 me·

252 2400 356 2486 dium
380 2398 540 2507 prolata
556 2393 669 2505 fiat:
706 2397 817 2504 Quae
845 2411 973 2479 tameo
1003 2394 1062 2478 bic
1090 2412 1287 2507 propono,

254 2529 302 2598 ut
321 2535 421 2598 uera
438 2506 595 2595 eruendi
611 2507 823 2617 occafiouem
841 2508 927 2594 aliis
949 2504 1102 2592 dareut.
1153 2511 1218 2594 lile
1244 2535 1290 2598 ue
1339 2565 1347 2574 ·

254 2629 351 2718 euim
370 2627 476 2716 iuter
494 2615 635 2706 Dollos
652 2623 849 2723 convenit,
874 2618 972 2732 quod
990 2644 1121 2709 nomeu
1144 2535 1287 2724 Noffro

92 2791 97 2804 ·
214 2763 219 2774 ·
245 2738 405 2849 suerit,
423 2759 530 2846 quem
548 2733 733 2818 Suxuuu
753 2731 906 2820 Rufum
925 2749 1067 2818 vocam
1087 2729 1285 2844 Cuspioia·

254 2874 347 2947 aus,
382 2851 562 2945 Camers,
602 2845 809 2945 Goltzius,
840 2844 886 2950 J.
912 2845 1108 2954 Scaliger,
1137 2842 1191 2954 If
1208 2845 1286 2928 Ca·

246 2961 438 3074 saubouus
467 2955 523 3058 &
553 2957 627 3046 Eu.
653 2955 905 3066 Spaubemius.
934 2955 1107 3050 Ferrum
1126 2956 1286 3043 uocum

258 3073 576 3167 Volaterranos,
620 3067 691 3154 Tb.
722 3069 839 3152 Valoe
854 3091 910 3152 cus
939 3069 1114 3179 Auglus‚
1141 3065 1197 3170 6?
1226 3069 1284 3154 H.

259 3183 457 3292 Volebas,
491 3179 839 3288 comprobantibus,
874 3205 965 3291 quos
983 3181 1038 3268 ad
1057 3181 1196 3265 Aurel.
1220 3181 1291 3266 Vi.

257 3291 401 3384 liorem
425 3295 565 3380 laudat
595 3293 806 3392 Sobotcus,
849 3291 991 3378 duobus
1020 3289 1131 3377 Cobd.
1163 3293 1289 3378 MSS.

255 3404 713 3623 uoollrmull
727 3405 903 3638 {lou
917 3401 1289 3612 lolllllooi

257 3635 410 3719 mauult
440 3651 567 3718 touccu
602 3629 776 3722 l'itboeus
784 3627 1024 3740 suspicatus,
1053 3655 1154 3742 quae
1171 3636 1291 3718 etiam

256 3747 301 3856 J.
329 3749 380 3832 G.
411 3749 455 3831 V
448 3745 526 3858 Offil'
550 3743 594 3830 le
614 3741 712 3850 Hlst.
750 3743 843 3825 Lat.
866 3745 987 3850 opinio
1003 3741 1076 3848 est,
1106 3741 1291 3849 Nostrum

193 3963 196 3969 ¹
255 3857 314 3978 &⁹
342 3861 575 3964 Avieuum,
611 3860 716 3970 culus
745 3856 868 3950 varia
887 3851 1044 3962 exstant
1056 3857 1286 4060 poemagan:
