2918 4590
285 319 342 378 er
387 293 1030 378 PRAEFATIONES.

146 455 285 533 tionem
299 453 510 548 requirebat.
561 449 663 538 Vos,
686 469 775 545 quae
792 451 921 540 verbo,
940 475 1030 550 quae
1047 457 1179 554 scripto

149 551 349 638 Suetonio,
373 549 569 640 Eutropio,
591 546 711 620 Paullo
734 543 888 634 addam,
912 552 997 627 boni
1028 555 1180 629 consuli.

153 669 211 740 te,
235 647 273 723 dr
293 646 409 722 vestra
432 645 673 718 benivolentia
697 641 740 715 ad
769 641 937 736 majorem
957 673 1036 743 me,
1059 649 1181 726 vestro

156 751 253 824 bonu
287 744 327 820 dt
355 743 573 830 commodo,
599 739 802 816 industriam
837 741 1002 818 excitate.
1048 751 1181 828 valete

155 847 246 921 VV.
271 841 476 922 ornatiffimi
490 838 528 916 dt
543 841 699 940 Juveues
719 833 904 912 leelit'limi.
990 923 998 943 ⁸

225 1053 723 1178 ourrnnnutt
781 1051 1123 1178 autrum,

301 1217 360 1289 ru
396 1219 597 1312 ris-oon
632 1217 1045 1325 ursuorrmnunt
1180 1225 1191 1310 '.

287 1455 291 1462 Ι
407 1349 879 1422 -cuu‘ron1uus

186 1592 190 1602 .
344 1583 349 1591 ‚
606 1537 642 1611 S.
693 1535 741 1610 D.

157 1675 739 1839 cuursroiuon.
801 1733 1185 1866 nurnmnu

254 1947 387 2044 utropil
424 1945 471 2018 de
507 1949 610 2020 rebus
639 1945 745 2042 gestis
771 1947 1015 2022 Rornanorum
1050 1947 1192 2040 {arripio

271 2067 365 2118 nunc
386 2044 530 2118 tandem
556 2044 688 2132 vobis,
722 2043 900 2132 exhibeo,
926 2047 1022 2138 cujus
1051 2049 1192 2139 copiam

163 2157 268 2240 laepe
292 2141 460 2216 haetenus
483 2139 609 2216 iisdem
633 2145 757 2236 optavi
781 2139 931 2215 frustra:
956 2144 1049 2238 quod
1072 2167 1193 2220 exem·

160 2245 273 2344 plaria
285 2241 394 2316 libelli
409 2241 592 2336 separatim
611 2240 699 2314 editi
716 2239 845 2336 ubique
859 2239 1079 2336 pauciffima,
1097 2245 1192 2340 apud

159 2365 227 2418 nos
248 2363 334 2414 vero
359 2341 451 2413 nulla
474 2336 609 2436 prorsus
634 2337 822 2414 exstarent.
872 2339 919 2413 Et
940 2360 1058 2416 tamen
1082 2345 1118 2418 in
1142 2345 1195 2418 hi·

158 2439 269 2516 storia
298 2439 461 2512 Romana
491 2439 605 2512 veteri
629 2438 791 2524 nullum,
821 2461 903 2512 meo
926 2437 1090 2534 judicio,
1122 2441 1193 2520 noc

159 2536 383 2613 commodius
405 2534 515 2610 hodie
545 2534 658 2608 exstat
687 2536 948 2630 compendium.
1008 2539 1125 2642 Quam
1154 2542 1194 2620 id

159 2633 307 2728 reliquis
325 2637 395 2705 hoc
419 2635 456 2706 in
476 2655 606 2732 genere
629 2635 764 2729 scriptis
787 2633 960 2731 editisque
983 2636 1107 2712 libellis
1133 2663 1195 2716 an·
1271 2689 1273 2694 .

163 2731 331 2817 tecellat,
358 2732 433 2823 ipla
453 2731 618 2803 nimirum
642 2753 698 2803 res
723 2731 904 2828 loquitur,
930 2730 1107 2832 facileque
1133 2736 1196 2811 de·

162 2827 393 2932 prehendet,
431 2829 492 2923 qui
521 2826 734 2901 contendere
765 2852 846 2902 cum
879 2829 922 2903 iis
954 2851 1049 2905 nuuc
1084 2833 1198 2909 volet.

165 2927 308 3006 Ordine
332 2949 387 2999 res
409 2926 452 2996 ab
476 2927 574 2998 Urbe
593 2923 758 3013 condita,
783 2927 826 3000 ad
850 2924 944 2998 suam
969 2951 1078 3025 usque
1102 2952 1199 3008 aeta·
1305 3015 1306 3018 Ἴ

165 3048 243 3104 tem
275 3021 314 3097 dt
344 3023 510 3098 Valentis
542 3022 761 3118 imperium,
803 3026 952 3116 exponit
985 3049 1051 3121 per
1088 3049 1198 3106 anuos

162 3123 353 3212 MCXlX,
378 3139 417 3196 ut
436 3122 510 3216 ipse
531 3139 695 3194 extremo
718 3120 807 3195 libro
836 3122 978 3195 decimo
1008 3125 1134 3214 habet,
1158 3128 1199 3202 id

165 3224 241 3314 est,
265 3221 310 3295 ad
329 3242 460 3293 annum
483 3219 610 3294 Chrilli
636 3220 834 3295 Servatorit
858 3219 1083 3296 CCCLXlV.
1111 3225 1199 3321 Spa·

166 3325 262 3398 cium
279 3319 360 3392 sane
383 3319 555 3412 amplum:
581 3320 675 3416 quod
694 3320 854 3394 oratione
876 3321 1002 3409 brevi,
1027 3321 1084 3396 sed
1110 3345 1200 3418 quae

167 3419 411 3516 perspicuitati
428 3416 554 3489 nonsit
572 3415 709 3506 fraudi,
732 3418 897 3494 decurrit.
947 3421 1004 3516 Eu
1027 3420 1136 3517 igitur
1161 3445 1200 3496 u·
1334 3437 1335 3440 ’

172 3517 300 3590 remini
318 3516 487 3606 deinceps
502 3537 567 3587 vos
590 3517 626 3590 in
647 3515 717 3589 hoc
737 3532 967 3612 argumento,
992 3519 1111 3614 itaque
1125 3518 1201 3595 adi·

172 3629 251 3684 tum
264 3613 367 3688 vobis
385 3611 523 3686 struetis
539 3613 582 3686 ad
601 3613 762 3688 uberiora
778 3633 1007 3688 monumenta
1020 3616 1201 3714 Dionylli,

174 3707 295 3798 Livii,
318 3709 515 3797 Plutarchi,
538 3711 694 3807 Polybii,
719 3713 893 3808 Appiani,
917 3711 1093 3805 Caesaris,
1110 3717 1200 3791 Dio·

176 3805 254 3896 nis,
271 3808 451 3898 Suetonii,
470 3810 617 3882 aliorum
626 3859 640 3898 ,
661 3831 752 3903 quae
767 3814 897 3908 absque
911 3811 1111 3908 hujusmodi
1127 3839 1201 3892 ma·

176 3901 391 3976 nuduttione
405 3907 516 3981 multo
532 3905 752 3997 laboriosrus,
776 3909 974 4009 minorique
988 3909 1104 3987 fructu
1124 3913 1201 3987 vol·

174 4016 334 4098 vuutur:
359 4019 479 4080 contra
499 4003 656 4106 perledlo
678 4009 859 4108 probeque
879 4029 1053 4110 percepto
1078 4010 1116 4088 id
1138 4033 1203 4104 ge·

1047 4149 1050 4154 ·
1138 4127 1204 4187 nli!
