2878 4570
399 286 976 376 TESTIMONIA.'

152 447 303 528 scribat:
330 443 514 544 Religionis
536 443 737 539 Christianae
759 442 947 542 Infelicior,
967 453 1102 550 perinde
1122 453 1182 526 u:

154 575 255 638 rnen,
280 564 316 619 ut
339 571 448 620 cruore
470 544 658 640 abstineret.
709 542 779 614 Sed
802 544 851 613 ita
871 567 1003 645 quoque
1024 554 1177 628 scribere

155 647 274 742 potuit
290 645 452 742 gentilis,
466 644 589 718 saltem
604 638 713 738 quiin
727 637 886 714 confinio
901 651 1113 726 tenebratum
1130 673 1174 726 ac

154 747 242 820 lucis
257 744 487 831 constitutus,
506 764 574 814 nec
588 738 756 836 gentilem
773 737 979 828 religionem
993 749 1176 839 probaret,

151 865 223 919 nec
238 842 451 918 Cltrillianae
465 859 581 916 tamen
597 860 726 911 nomen
742 833 910 910 dedillet:
934 841 1050 934 quales
1064 847 1178 917 saecu·

151 939 227 1016 lum
258 942 342 1016 illud
371 941 494 1016 habuit
519 939 658 1012 multos.
711 935 779 1009 Sed
805 955 995 1034 utcumque
1019 937 1087 1010 ltoc
1108 938 1180 1030 est,

152 1057 338 1135 tempora,
362 1059 399 1112 tt
416 1039 588 1124 vidimus,
612 1057 674 1111 eot
694 1031 882 1125 refellunt,
905 1037 964 1130 qui
983 1033 1179 1132 Augustino

151 1138 361 1231 Eutropium
376 1133 509 1210 fuciunt
518 1133 708 1233 juniorem.
748 1133 883 1229 stylum
901 1133 925 1206 fi
942 1131 1093 1230 species,
1119 1120 1180 1230 pd-

154 1259 232 1308 tum
253 1235 302 1308 est
322 1236 534 1309 concinnus:
560 1233 620 1306 sed
640 1233 709 1306 hoc
730 1233 860 1321 aetati,
887 1257 956 1329 qua
979 1232 1092 1319 vixit,
1120 1233 1181 1307 tri-

156 1337 310 1408 buamus.
360 1334 432 1408 Res
448 1355 536 1407 vero
550 1331 639 1426 ipsas
657 1331 870 1424 compendio
892 1334 972 1405 l'atis
990 1333 1180 1405 commodo

154 1430 368 1507 constrinxit.
419 1433 513 1506 Sane
531 1428 655 1528 quanti
674 1429 695 1500 a
713 1429 857 1502 Graecis
874 1430 950 1503 lieri
967 1433 1092 1518 soleat,
1119 1430 1179 1504 vel

150 1549 360 1627 argumento
376 1530 561 1620 illuderit,
576 1527 669 1626 quod
684 1528 811 1622 Capito
825 1526 1006 1604 historicus
1027 1531 1178 1626 Lycius,

102 1680 107 1688 ·
149 1631 324 1719 epitomes
349 1627 513 1724 Eutropii
535 1625 723 1722 prrdoperu
753 1623 925 1722 scripserit
952 1628 1107 1702 Graece:
1133 1649 1175 1704 ut
1277 1701 1281 1709 ,

150 1729 274 1801 Suidas
295 1727 402 1800 docet
423 1729 459 1799 in
483 1729 631 1799 baalim.
681 1725 759 1796 lmo
779 1724 818 1798 δι
837 1725 1021 1814 simlerus,
1043 1726 1079 1798 in
1102 1727 1175 1822 Ap·

150 1824 304 1919 pendite
326 1823 563 1897 bibliothecae
585 1820 757 1910 Gesneri,
788 1821 958 1911 testatur,
991 1824 1027 1896 in
1052 1825 1185 1898 biblio-¹

151 1923 259 2002 theca
280 1921 314 1992 Ρ.
334 1920 474 1994 Pithoei
499 1925 512 1974 5
535 1919 668 1994 exstare
686 1913 816 1990 natasse
836 1919 1021 2009 perdefecit
1041 1907 1176 1996 Roma·

151 2041 221 2094 nae
239 2016 398 2112 Eutropii
414 2015 589 2091 historiae.
629 2016 685 2090 Ac
700 2015 809 2087 video
825 2018 998 2113 quaedem
1013 2039 1056 2088 ex
1074 2021 1177 2091 Paea-

150 2119 212 2190 nio
228 2119 298 2189 hoc
312 2116 413 2190 citati
430 2115 450 2190 it
465 2117 654 2214 Scaligero.
683 2114 906 2210 Compendio
917 2115 1076 2209 Eutropii
1095 2117 1178 2188 Pau-

149 2215 203 2288 lus
219 2217 420 2304 Diaconos,
447 2215 541 2288 malo
563 2213 645 2290 stne
668 2213 851 2308 exemplo,
878 2213 935 2286 sua
957 2211 1111 2300 inlerlit3
1137 2233 1177 2288 ut

147 2313 258 2412 liquet
274 2337 318 2387 ex
337 2313 504 2388 undecim
520 2313 642 2410 primis
659 2309 839 2386 Historiae
853 2311 1043 2388 Miscellae
1054 2314 1174 2390 libris:

150 2411 196 2487 de
217 2412 341 2510 quibus
362 2413 539 2501 dicemus,
564 2435 645 2487 cum
667 2410 712 2496 ad
728 2411 873 2484 Paulum
888 2412 1086 2487 Diaconum
1110 2415 1175 2488 de·

150 2531 296 2583 ventum
313 2511 390 2583 etit.
417 2513 587 2584 Meminit
602 2509 640 2584 dt
655 2507 820 2605 Eutropii
838 2509 933 2584 neda
949 2511 1041 2586 Hist.
1059 2513 1171 2607 Angl.

149 2607 229 2678 Lib.
248 2611 274 2678 1.
299 2631 329 2680 c.
348 2629 399 2680 tn.
424 2605 482 2693 dt,
506 2609 565 2704 qui
586 2609 723 2681 saeculo
748 2608 940 2698 totosseda
959 2610 1078 2704 junior
1099 2611 1173 2698 est,

151 2703 365 2776 Hincmarus
377 2701 773 2798 Rbemenlis,opusculo'
788 2700 832 2776 ad
842 2705 1072 2777 Hiucmarum
1082 2707 1173 2779 Lau·

149 2799 341 2874 dunensem
359 2823 436 2895 cap.
452 2823 536 2872 xvt.
556 2802 617 2874 ubi
632 2803 677 2872 de
694 2800 833 2872 castello
847 2803 1013 2874 Lauduno
1029 2804 1175 2898 loquens

148 2901 216 2974 ait:
244 2953 269 2988 ‚‚
285 2898 411 3002 Quod,
437 2897 523 2972 licut
537 2897 747 2992 Eutropius,
773 2898 934 2995 antiquus
950 2897 1173 2997 historiogra-

148 3054 175 3089 „
200 2995 785 3096 phut‚dicineudloreMatcobtio
800 3015 961 3090 praetore
974 2999 1172 3089 conditum,

148 3151 174 3191 ,‚
199 3101 243 3170 ab
269 3096 416 3170 exordio
438 3095 488 3168 sui
512 3095 548 3168 in
572 3095 780 3192 paganismo
796 3093 889 3166 inter
905 3097 1089 3184 civitates,
1116 3102 1174 3174 vel

150 3253 174 3283 ‚,
198 3197 436 3290 provinciales
452 3195 709 3281 sedes,nomen
731 3191 769 3266 ἃ
788 3192 901 3266 locum
919 3216 989 3266 non
1008 3195 1171 3268 habuit.’'

148 3297 246 3366 Fscit
262 3293 299 3366 dt
316 3295 534 3367 mentionem
552 3291 765 3366 Flodoardus
780 3289 911 3364 Pontii.
930 3295 1030 3368 Rem.
1053 3293 1131 3368 Lib.
1144 3295 1170 3371 l.

151 3415 226 3484 cap.
242 3415 265 3464 1.
282 3391 319 3464 dt
335 3395 409 3466 Leo
426 3389 591 3465 Ostienlis
617 3389 694 3502 (qui
708 3388 874 3464 Alexiidt
891 3391 1037 3466 Henrici
1054 3394 1169 3488 lmpp.

150 3494 362 3584 temporibus
374 3489 459 3591 fuit)
474 3486 839 3576 ChronictCastneufis
853 3489 969 3564 Libl.
987 3513 1167 3586 cavan.

1112 3589 1171 3668 De

187 3789 205 3846 5
228 3769 328 3832 Codex
342 3774 480 3834 illeidem
494 3775 675 3836 videturesse
690 3793 753 3835 cum
770 3793 805 3833 eo
817 3774 899 3846 euius
915 3775 1100 3834 meminerunt
1116 3772 1170 3834 cr-

148 3849 239 3914 ttloei
253 3849 446 3910 bibliothecae
459 3853 628 3913 bavarieuils
641 3855 690 3930 qui
704 3870 778 3912 anno
793 3869 893 3910 trouu.
907 3854 1088 3924 prodierunt,
1100 3851 1171 3911 duo:

151 3927 243 3985 decim
264 3941 366 4000 nempe
383 3931 461 3984 annis
479 3931 540 4002 post
557 3931 714 3992 editionem
732 3930 875 3989 Hiltorlue
888 3929 1032 3992 Romtute
1045 3931 1172 4005 Scriptu-

149 4021 211 4066 tum
226 4005 402 4066 Graecorum
417 4003 637 4083 Sylburgianaur.
716 4087 765 4127 Η
791 4085 836 4128 Η

860 4105 880 4179 d
