2884 4538
316 225 693 310 BREVIAR.
766 229 862 304 Lrs.
906 237 977 312 VI.
1110 247 1183 335 265

155 407 252 508 ginti
274 397 293 446 ¹
315 423 450 480 tantum
475 401 520 476 de
547 401 703 476 exercitu
726 403 786 476 suo
805 403 980 498 perdidit,
1003 401 1014 447 ¹
1040 407 1079 482 dt
1094 411 1179 490 duos

155 506 390 583 centuriones.
417 500 648 574 Mithridates
662 523 743 572 cum
753 524 859 574 uxore
874 511 901 548 ²¹¹
916 497 1025 597 fugit,
1049 505 1180 584 &dum

160 612 226 682 bus
247 604 446 678 comitibus.
510 601 640 692 Neque
658 607 675 644 ¹¹
693 599 803 670 multo
823 597 917 690 post,
944 623 1023 671 eum
1049 605 1083 676 in
1109 605 1185 682 suos

157 704 339 789 saeviret,
376 697 562 772 Pharnacis
577 705 609 762 ·⁰
638 693 702 766 filii
727 696 777 768 sui
801 699 891 790 apud
913 703 931 751 Ρ
950 697 1079 770 milites
1101 705 1188 776 sedi·

156 805 280 888 tione,
305 800 349 872 ad
365 820 513 870 mortem
531 790 692 881 coaslus,
717 816 893 866 venenum
907 793 1041 865 hausit·
1078 798 1185 876 Hune

157 900 266 974 finem
277 899 398 970 hahuit
418 891 660 966 Mithridates.
682 892 788 983 periit
798 891 916 964 autern
925 895 1044 986 apud‘¹
1061 893 1189 993 Bospo.

155 1020 255 1087 rum,
282 999 337 1070 vir
358 993 511 1092 ingentis
523 987 718 1066 industriae
744 997 758 1030 f
788 986 1001 1086 consiliique.
1052 993 1194 1092 Regna.

1134 1097 1187 1170 vit
1279 1123 1288 1142 ·

339 1221 566 1290 Vastan
631 1215 994 1286 chrrortttt.

197 1367 416 1432 ltTantttmmttlo
434 1365 526 1442 Lugd.
547 1366 609 1426 Bat.
630 1379 659 1439 4.

191 1447 205 1508 i
222 1448 273 1506 Sed
290 1448 338 1506 dut
357 1445 450 1520 Lugd.
467 1449 530 1504 liat.
552 1459 577 1516 5.

192 1543 222 1584 m
240 1525 333 1600 Fugit't
352 1521 445 1596 Lugd.
468 1523 531 1579 Bat.
555 1535 581 1578 1.
610 1541 620 1568 ι

193 1617 214 1658 n
234 1600 355 1658 Multum
375 1595 467 1670 Lugd.
488 1598 551 1652 Bat.
573 1611 600 1652 1.

193 1693 214 1732 o
232 1675 296 1730 silli
305 1673 351 1749 sati
373 1667 499 1746 insiluisti
523 1671 637 1726 militum
646 1665 773 1744 seditione
793 1669 828 1727 ed
849 1681 955 1734 mertem
981 1671 1026 1732 Sc.
1053 1675 1119 1735 Ftlt's‘
1128 1677 1177 1758 sui

153 1753 272 1811 militum
289 1747 341 1806 &c
363 1745 455 1820 Lugd.
470 1745 533 1802 But.
549 1761 574 1802 1.
596 1741 643 1800 sed
656 1744 759 1818 reliqui
774 1743 950 1803 aPlJatnoct's
961 1743 1020 1818 filii
1039 1752 1126 1826 usque
1140 1755 1176 1816 ad

158 1828 227 1890 lunc
234 1821 321 1900 finem
333 1823 476 1897 pleniores
492 1821 569 1888 sunt,
592 1819 619 1877 lit
631 1819 806 1894 interpolati.

197 1919 218 1978 p
237 1899 360 1956 Militem
379 1895 471 1969 Lugd.
492 1899 554 1954 Bat.
576 1911 601 1952 1.
728 1924 733 1930 ·
952 1939 960 1950 .

194 1993 217 2116 q
230 1971 630 2128 gissiioiiiqnitLliitgngtitIa
638 1986 664 2043 3.
685 1985 710 2043 ς.
730 1967 887 2048 Bosphorum
912 1970 1003 2049 Lugd.
1021 1974 1085 2036 Bar.
1105 1992 1133 2036 2.
1151 1995 1182 2054 4,

531 2195 826 2268 Noeta.

146 2367 211 2431 stne.
227 2367 297 2419 Oros.
313 2369 449 2428 L.vt.c.4.
460 2365 647 2426 stipulanti.
685 2375 776 2426 corpus
790 2364 914 2430 firmarat,
931 2368 1056 2422 immissum
1079 2373 1180 2432 pereus-

154 2429 646 2493 Nl.p.399.decemmilliacaest‚&ca·
684 2427 764 2474 sorem
783 2430 881 2480 Gallum
908 2433 1029 2484 Sithocutn
1049 2437 1181 2486 assimita-

153 2496 201 2543 l'lra
218 2495 346 2542 cumomni
355 2505 471 2550 apparatu
480 2505 552 2550 capta
567 2492 645 2540 tradit.
685 2501 709 2536 te
725 2492 804 2540 vultus
821 2493 931 2542 territum
948 2498 1097 2558 revocavit,
1111 2503 1134 2546 dt
1150 2501 1177 2549 in

157 2557 198 2606 etti
231 2556 332 2604 omnino
360 2555 480 2602 consentit
507 2557 645 2604 Plutarchus
686 2553 864 2601 caedemsuam
875 2569 972 2606 manum
982 2561 1177 2620 uepidantlsad·

155 2617 377 2676 Pompej.p.636.
395 2617 476 2666 Vasta.
682 2613 756 2672 iuvit.
785 2616 945 2666 meantis.

192 2683 245 2728 cto
259 2679 343 2740 aetra]
358 2679 465 2726 Uxorem
482 2678 559 2738 dide,
572 2692 645 2738 quam
715 2679 822 2726 statuant
837 2679 934 2743 haam]
959 2683 1005 2729 sed
1020 2683 1105 2733 srulira
1122 2697 1181 2744 pro·

157 2745 278 2793 Plutarch.
302 2741 354 2797 ejus
370 2742 529 2790 concubinam
555 2754 649 2802 vireat,
687 2749 744 2798 pter
759 2739 903 2789 familiarem
926 2743 994 2791 usum
1011 2747 1181 2800 antidotorum.

154 2819 248 2865 nempe
261 2805 436 2866 Hypsicratlast,
455 2816 516 2862 quae
525 2805 650 2852 Mithrida·
688 2802 762 2850 Gallo
777 2815 834 2861 ergo
846 2802 916 2852 mind
931 2803 1039 2865 iugulum
1049 2811 1180 2870 ,praebuit

152 2883 207 2921 tem
229 2871 255 2916 in
278 2869 380 2928 praelia·
394 2869 554 2926 sequebatur,
575 2879 651 2927 quare
687 2865 873 2930 Appiamceth.
907 2867 975 2916 Haec
994 2872 1065 2918 eriam
1084 2873 1181 2921 Grune.
1284 2925 1288 2932 .

153 2945 209 2983 eam
237 2931 388 2980 Mithridates
410 2930 553 2992 bipfitrars·
576 2943 650 2978 voca·
688 2931 799 2986 tusaqul
815 2939 845 2977 ex
856 2928 936 2977 Dione
956 2933 1037 2992 addit,
1055 2933 1180 2985 Mithrida-

147 2999 199 3049 bat.
216 2999 246 3044 Λ.
260 2996 286 3045 F.
688 3001 745 3052 ten,
764 3003 862 3040 venene
880 2993 965 3042 srullrtt
982 2995 1079 3056 sumto,
1103 2997 1181 3056 ipsum

181 3059 257 3122 Neque
265 3061 333 3107 realta
342 3057 405 3118 poll,
418 3073 465 3106 tm
480 3061 504 3104 ἐκ
515 3056 565 3116 fitot
573 3055 650 3115 sassi·
689 3053 714 3102 se
724 3055 876 3113 utinensis,
890 3060 1019 3105 vulnerato
1039 3059 1127 3108 delude
1147 3061 1182 3109 iri

151 3123 218 3184 sam]
233 3124 317 3170 Florus
333 3125 371 3169 lib.
387 3135 429 3168 cn.
453 3123 579 3168 Pharnaces
600 3117 649 3164 Mt·-
689 3127 786 3165 ruentes
813 3119 904 3176 aliquot
931 3121 1020 3170 milites
1044 3123 1128 3180 indiis
1149 3137 1179 3172 ae

153 3185 334 3245 rirtsathfilier
351 3186 507 3245 sollempnem·
522 3181 650 3230 satalites
687 3179 779 3290 Buceis
807 3193 911 3228 mortem
936 3185 1088 3232 accelerasse.
1131 3189 1178 3235 Sed

153 3265 179 3296 aa
197 3249 339 3296 Mithridates
357 3247 443 3308 abfifflss
461 3250 485 3292 ln
500 3246 578 3308 regia,
601 3259 649 3292 cata
712 3241 793 3290 ionem
812 3243 897 3291 errasse
915 3245 1009 3305 liquet.
1026 3250 1094 3306 quod
1115 3260 1178 3309 eos,

154 3307 577 3371 armasse-propanapnfmffitad
592 3321 649 3352 mor-
687 3317 701 3352 a
719 3305 805 3362 qulbus
817 3307 970 3358 intersectum
986 3309 1084 3368 scribit,
1099 3311 1178 3362 nollet

151 3385 216 3428 nat,
237 3386 253 3418 a
275 3374 343 3419 milita
363 3373 426 3420 catto
443 3371 648 3429 nonistorum,
686 3379 778 3428 vocat,
792 3367 834 3418 irs
849 3371 961 3432 ἕν’ἱχθμῗι
978 3373 1178 3434 desecasset-Epi·

153 3440 223 3497 aqna
237 3445 261 3482 at
277 3437 424 3494 adametur
432 3437 544 3497 patierat,
558 3431 650 3496 ἐπιψ-
687 3442 769 3478 tornae
793 3431 909 3480 Livianae
935 3433 1055 3482 consentit
1071 3437 1178 3497 Appiae.

152 3503 201 3550 aas
219 3495 249 3555 est
271 3499 355 3544 thtt.
688 3493 714 3540 B.
727 3493 762 3539 M.
775 3505 800 3550 p.
818 3505 873 3554 24⁹·
891 3495 970 3544 Vens.

188 3559 216 3607 sn
233 3557 304 3622 fian]
324 3559 446 3616 Cognatos
468 3559 510 3606 vel
532 3557 650 3608 subditos.
716 3557 872 3604 Ptrlt'tasm
888 3557 1092 3626 apsdllospm]
1111 3563 1178 3612 cim.

154 3624 242 3672 Gtatt.
688 3618 792 3666 merium
807 3619 934 3680 intellige,
958 3634 1020 3680 quae
1039 3627 1104 3686 regio
1122 3639 1180 3686 pro·

184 3685 310 3732 Pharnacis
323 3679 370 3742 filil
386 3682 424 3740 ful
437 3680 581 3745 scissim]
604 3681 651 3730 Per
688 3681 744 3742 prle
762 3681 905 3740 torporata
929 3683 1036 3743 dicitur,
1061 3689 1181 3740 Tauricas

151 3747 301 3798 seditionem
321 3746 505 3803 isooularlumt
531 3749 651 3794 Pharnace
688 3745 788 3804 inquam
803 3745 944 3795 Chersonesi
959 3760 989 3796 sc
1004 3751 1109 3808 regionis
1123 3765 1183 3801 con·

153 3811 209 3863 filio
235 3813 260 3858 ln
296 3819 361 3857 turre
392 3810 497 3858 obsessus
527 3819 651 3856 venenum
688 3805 829 3862 tralucentls
848 3807 956 3872 insilia,
972 3811 1012 3860 ubi
1030 3817 1122 3864 Achaei
1140 3819 1183 3865 ιιι.

150 3873 345 3938 sutnpst‚quod
364 3883 418 3920 eunt
436 3873 525 3922 tardius
541 3869 650 3928 subiret,
688 3870 871 3921 sitantctnn.
1255 3887 1257 3892 ·

147 3941 209 4010 quia
234 3936 318 3993 multis
344 3947 416 3990 antea
447 3931 650 3989 medicaminibus
719 3929 995 4056 infllaeuJRosbstlione.
1010 3938 1093 3991 tht.
1133 4001 1186 4050 h
