2876 4530
286 291 391 374 33³.
452 276 752 352 ruruottr
800 278 960 355 rrts‘r.
1008 283 1151 362 uoti.

288 451 450 551 peravit,
476 448 515 526 dt
537 453 636 550 gravi
662 452 810 528 saevitia
831 457 1020 546 notabilis,
1054 464 1244 561 praecipue
1269 469 1321 544 iu·

292 552 410 649 gluvie
442 547 480 624 dt
511 552 731 626 voracitate:
766 553 897 650 quippe
927 579 1009 629 curn
1037 557 1083 632 de
1106 563 1165 638 die
1184 579 1199 626 ⁸
1220 570 1323 662 saepe

290 665 423 744 quarto
438 651 495 723 vel
510 651 633 746 quinto
649 650 780 725 feratur
801 656 970 748 epulatus.
991 658 1196 736 notissimah
1212 667 1324 740 certe''

293 770 408 820 coena
430 749 621 822 memoriae
646 747 657 796 ¹
679 749 844 822 mandata
867 751 938 841 est,
965 777 1070 848 quarn
1097 761 1132 833 ei
1154 762 1321 838 Vitellius

295 845 447 918 ¹‘frater
467 847 648 934 exhibuit3
682 847 716 922 in
742 871 809 943 qua
834 857 844 904 ¹
869 849 971 945 supet
990 872 1148 940 caeteros
1169 859 1321 954 sumptus

291 945 362 1020 duo
385 943 495 1020 millia
514 946 695 1042 piscium,
727 945 861 1041 septem
882 950 1002 1024 avium
1029 955 1139 1031 millia
1163 960 1319 1056 apposito

484 1137 714 1206 Vaxrau
773 1139 1140 1218 Lacarortas.
1251 1079 1347 1142 Μ’

326 1240 450 1320 gDelet
467 1238 561 1314 Lugd.
580 1241 643 1298 But.
664 1254 693 1311 4.

325 1321 347 1379 h
365 1317 452 1378 Deest
470 1318 514 1376 M.
578 1371 583 1382 ,
631 1317 641 1342 “
687 1319 692 1330 ”

327 1399 337 1453 i
356 1394 513 1452 Montio-ndo
532 1391 623 1467 Lugd.
644 1393 707 1453 liat.
729 1407 755 1466 ς.

324 1475 346 1530 k
364 1471 447 1544 Super
464 1469 555 1544 Lugd.
576 1471 639 1528 But
660 1487 689 1544 4.

326 1548 440 1622 lSttpra
459 1544 552 1624 Lugd.
570 1549 634 1608 Eat.
653 1563 682 1620 4.

651 1681 962 1756 Nouxu.

287 1834 352 1882 Cum
369 1829 465 1880 Vitellii
483 1829 611 1890 imperium
629 1829 784 1882 firmiuimutn
822 1833 848 1882 itt
866 1834 919 1886 vita
933 1847 987 1897 cap.
1006 1847 1047 1892 rs.
1061 1833 1138 1884 Catu.

287 1899 431 1954 uideretur,
446 1905 530 1953 utpote
542 1895 693 1944 Gennanitis
707 1897 784 1956 legio·
855 1901 943 1962 Quippe
959 1917 1007 1947 cen
1021 1901 1047 1948 dr
1066 1898 1113 1960 dit]
1127 1895 1168 1946 Seri
1182 1899 1219 1946 wi
1228 1903 1317 1960 pretti-

286 1961 360 2009 nibos
377 1959 481 2015 fultum,
496 1964 601 2016 primunt
618 1962 644 2006 ln
659 1972 714 2008 euru
724 1963 785 2009 alie·
818 1971 863 2022 pue
879 1965 984 2011 luxuriat
995 1964 1147 2024 saeuitiaeque
1155 1963 1254 2020 deditus,
1268 1977 1316 2022 apa·

287 2025 356 2072 natio
383 2023 534 2069 exercituum
555 2021 620 2069 faeta
645 2023 697 2080 est,
715 2025 785 2082 quod
823 2027 857 2071 tas
874 2027 1010 2087 trpitriao,
1024 2029 1136 2074 interdum
1152 2027 1315 2089 quadrifinius

286 2087 486 2146 promptiliintunr
501 2097 624 2143 quemque
633 2085 784 2133 Othoniano·
822 2085 980 2148 dispertiebat,
1004 2092 1029 2135 in
1048 2091 1163 2150 jentacrqla
1181 2089 1207 2136 ἃ
1219 2092 1317 2150 prandia

285 2163 341 2199 turn
364 2151 535 2196 centurionum
560 2147 665 2196 interfici
680 2148 784 2204 jusserat.
822 2149 848 2194 ἕν’
864 2150 1160 2212 coaxastoneffast'amqtug
1168 2153 1316 2212 flacileomtu'·

286 2217 373 2261 Altera
384 2210 472 2268 causa,
486 2209 555 2268 quod
564 2209 607 2258 sub
617 2209 669 2264 eius
679 2211 783 2270 imperio
821 2213 860 2258 bus
877 2209 1000 2274 Jifficiens,
1022 2213 1145 2262 vanitandi
1158 2215 1321 2272 confitemini,

285 2276 355 2323 ltalia
382 2272 479 2331 gravius
497 2285 569 2331 atque
587 2275 693 2322 attotius
710 2287 782 2334 quatu
823 2275 886 2321 suet.
907 2275 984 2323 Ceut..
1007 2275 1077 2324 &A.
1096 2275 1122 2322 F.

283 2337 353 2384 bello
372 2334 551 2396 adficiebatur,
566 2337 599 2386 ob
614 2336 716 2388 militum
727 2349 783 2396 pet·
853 2336 943 2398 Coena]
959 2337 1056 2386 Scilicet
1082 2336 1212 2386 adventitia
1231 2372 1240 2398 ,
1264 2353 1316 2388 non

284 2400 358 2449 fidant
378 2397 508 2446 licentiam.
523 2399 625 2447 Acceiirt
648 2399 783 2448 terriacau-
820 2398 908 2446 inditia
927 2402 956 2447 ab
974 2399 1130 2458 imperatore.
1147 2399 1226 2448 Gara.

286 2463 336 2522 sa,
359 2461 432 2510 foeda
457 2462 480 2510 dt
508 2461 667 2522 inexplebilis
695 2464 781 2512 iibido.
849 2461 1083 2526 thiliatftater]1..
1093 2466 1192 2511 sueton.
1201 2476 1317 2526 tapxtrr.

283 2527 404 2588 Quarto,
426 2522 479 2581 ejus
496 2526 612 2582 tyrannis.
646 2527 679 2574 lta
696 2539 782 2578 otnttes
820 2527 845 2572 in
860 2527 1054 2576 thiliffiunu.
1087 2529 1219 2576 Caeterum
1240 2529 1317 2576 Vitel-

283 2592 391 2639 rationes
417 2587 441 2637 in
468 2587 637 2648 Vespaiianutn
655 2589 782 2650 intentae,
820 2588 869 2636 lius
892 2603 918 2638 ut
944 2602 1049 2640 coenatu
1073 2591 1153 2640 fratris
1172 2590 1316 2650 superaret,

284 2653 427 2714 praesertim
444 2651 585 2710 Syrie,cui
599 2665 712 2712 praeerat
723 2654 779 2701 Mu·
821 2653 930 2710 petinam
957 2652 1074 2716 instituit,
1097 2665 1169 2714 quam
1188 2653 1314 2702 Minervae

284 2719 370 2766 tianus.
403 2717 426 2764 la
443 2715 554 2764 oratione
573 2717 675 2774 eleganti
685 2718 780 2765 excita·
819 2721 934 2776 clypeum
951 2715 1086 2768 dictitabat.
1126 2718 1153 2766 lu
1170 2718 1215 2766 hec
1237 2717 1314 2765 scaro-

283 2783 320 2830 ur't
339 2779 517 2835 Vespasianum.
550 2778 779 2829 Accellittnoxiln·
819 2791 873 2827 rutn
893 2779 1025 2840 jecinora,
1048 2781 1214 2842 phalianotum
1232 2795 1261 2828 ac
1275 2794 1314 2840 pa·

285 2846 368 2893 tonius
385 2844 496 2903 Primus,
515 2855 572 2889 mox
592 2841 702 2900 legiones
719 2845 781 2892 Prn—
819 2855 914 2891 vonum
933 2846 1074 2906 cerebella,
1099 2845 1190 2903 linguas
1208 2844 1310 2902 phoeni·

283 2907 375 2954 noniac
394 2917 423 2952 ac
441 2905 567 2964 Moesiae,
581 2915 636 2952 cunr
655 2907 724 2964 prius
748 2918 782 2955 ex
821 2917 970 2967 copterutn,
986 2919 1139 2957 murenarum
1148 2905 1223 2954 laites
1234 2921 1245 2954 a
1256 2909 1314 2954 Cat·

285 2971 377 3026 suria,
401 2969 492 3031 Judaea
510 2979 540 3014 ac
558 2971 672 3026 Aegypto
687 2981 780 3016 nouem
819 2971 893 3027 potito
915 2983 993 3030 usquc
1012 3004 1020 3030 ,
1041 2971 1153 3026 fretoque
1181 2969 1314 3026 Hispaniae

286 3035 322 3082 illi
341 3033 413 3080 client
430 3032 546 3090 legiones.
569 3031 660 3078 Primus
678 3031 701 3078 in
718 3033 779 3079 Cre·
818 3041 865 3089 per
881 3037 1015 3082 nauarchos
1025 3045 1054 3080 nc
1062 3033 1170 3079 triremes
1181 3031 1314 3086 petitarum

285 3097 393 3144 monenti
412 3107 468 3154 agro
479 3093 702 3143 Primusnntonius
721 3107 779 3144 tutu
818 3095 978 3144 commiscuit.
1012 3095 1080 3141 Haec
1103 3091 1232 3140 suetonius
1250 3097 1315 3144 titul.

284 3157 421 3208 Vitellianis
437 3156 558 3216 pugnavit.
580 3157 670 3206 lterum
689 3157 779 3206 deinde
816 3169 890 3205 xrrr.
909 3159 934 3204 in
950 3157 1055 3204 Vitellio.
1087 3155 1193 3202 Eautietn
1205 3157 1315 3213 petinam

284 3223 316 3271 eb
326 3222 413 3270 endem
424 3219 532 3266 Antonin
547 3221 645 3276 prorsus
664 3219 779 3282 proflige-
817 3220 902 3269 decies
921 3221 966 3268 HS.
984 3229 1097 3266 1000000.
1114 3217 1160 3266 HS.
1172 3231 1258 3274 25000.
1269 3235 1312 3270 co·

283 3287 303 3336 ti
323 3283 618 3332 suntViteiiinni.Guxtt.
742 3319 745 3332 ,
816 3295 872 3330 ron.
908 3281 1061 3342 continue,
1089 3279 1120 3328 ait
1143 3282 1236 3332 Plinius
1270 3285 1312 3334 lib.

320 3349 394 3397 Gravi
404 3345 525 3408 fieoiria]
546 3344 722 3404 erudelitate,
746 3347 778 3394 de
816 3356 893 3392 xxxv.
920 3357 973 3404 cap.
992 3357 1030 3392 ra.
1069 3343 1160 3392 'Coena
1179 3349 1313 3396 adventitio

286 3415 377 3472 quatit.
388 3423 440 3458 xrv.
458 3411 522 3457 Suet.
535 3407 559 3455 in
570 3409 681 3459 Vitellio.
696 3409 778 3458 Guxx.
816 3409 877 3455 haec
895 3407 948 3456 fuit.
977 3407 1131 3466 imperatore
1150 3409 1248 3458 aliunde
1262 3411 1313 3458 Ro·

285 3480 363 3526 Motu
387 3473 493 3521 crudete·
515 3483 589 3519 vocat
610 3471 716 3530 Epitorn.
736 3472 778 3518 Vi·
816 3483 880 3518 inam
897 3473 1031 3519 redeunte:
1047 3471 1141 3530 quippe
1159 3485 1258 3522 ueteres
1274 3475 1309 3522 so·

286 3541 349 3588 etot.
370 3539 477 3585 Pronum
495 3535 524 3583 tttl
542 3533 660 3593 cuiusque
679 3535 701 3582 dt
720 3547 778 3592 qua·
816 3535 900 3582 lebant
916 3535 1011 3582 anticos
1032 3547 1135 3594 peregre
1153 3537 1313 3586 advenientes

285 3613 392 3658 euntque
409 3601 440 3646 de
457 3599 527 3646 causa
545 3597 778 3658 necetuatquesup·
816 3598 933 3646 convivio
952 3597 1164 3656 exciperent.

284 3666 393 3726 pliciunt.
407 3665 507 3710 Sueton.
524 3661 555 3707 Α.
572 3661 598 3709 F.
845 3659 872 3706 In
892 3677 936 3721 qtta
946 3661 1018 3722 saper
1032 3673 1128 3710 cartem
1136 3662 1185 3720 sant
1200 3661 1256 3725 titt]
1270 3663 1312 3712 Fa·

317 3728 418 3787 ingluvie
435 3725 460 3772 di
474 3719 635 3782 voracitates]
651 3725 780 3784 Eleganter
816 3723 938 3772 mofiffirna
957 3725 1031 3783 super
1050 3737 1159 3774 caeteras
1186 3727 1219 3774 uit
1234 3739 1311 3774 coena

283 3787 538 3848 xiphilinustipineo
556 3783 565 3833 i
582 3789 669 3849 psit&
690 3788 711 3837 ,r
736 3791 777 3901 ἐξ·
816 3785 838 3832 ei
853 3787 907 3835 data
924 3788 1057 3836 adventitia
1079 3801 1092 3836 tt
1111 3788 1243 3850 srntte‚in
1265 3802 1311 3848 qut

307 3854 330 3904 it
347 3851 425 3906 elei,
440 3851 536 3908 adnm
555 3851 605 3897 tilii
623 3851 700 3909 dxxc,
714 3850 752 3904 in
814 3850 863 3897 duo
886 3851 962 3900 millia
985 3851 1164 3900 teniffimornm
1188 3851 1311 3911 piscium,

282 3871 318 3973 ii,
335 3931 362 3964 rr
380 3910 416 3966 ad
435 3911 586 3971 triumuir
603 3911 676 3962 euseb
688 3917 775 3974 princi-
815 3915 909 3974 septem
935 3913 1016 3963 atium
1047 3917 1154 3974 opposita
1179 3916 1311 3964 traduntur.

274 3989 344 4040 patos
360 3971 446 4022 Vitellii
469 3975 527 4018 nibil
538 3976 616 4028 aliud,
630 3981 775 4038 quatnebrt'e·
814 3981 845 4027 A.
861 3979 887 4026 F.

279 4052 315 4090 tat
333 4039 359 4087 dd
383 4032 544 4090 cwtfflttt'mt.
576 4039 647 4086 nude
673 4042 774 4106 Sueten.
841 4040 1313 4154 Pniun‚]1.ettiuimort1m.crxeist

1293 4121 1300 4151 i
