2918 4590
324 297 344 306 ··
413 241 1107 366 ·³b'b'l)lbll‘rlolllls

272 398 448 526 {emporis
475 413 700 498 manifestum
726 417 788 497 est.
840 415 1063 518 lpll'Graeci
1092 425 1307 530 Eutropiuni

272 525 454 642 quantivis
467 520 707 632 aestimarunt,
724 541 794 594 nec
809 535 878 632 una
892 521 1302 640 illumuerlipneinsuarn

275 623 433 721 linguam
454 617 769 716 transcrrpserunt,
802 640 947 714 quarum
971 639 1133 716 rntenrt,
1157 627 1301 728 Capito·

154 737 158 750 “
274 723 353 812 nis,
377 721 503 794 altera:
521 715 674 812 superest
685 718 851 808 Paeanis,
876 735 995 795 comta
1011 723 1111 811 sane,
1137 723 1300 823 &purae

274 817 489 894 Graecitatis
510 834 550 888 ut
567 813 738 890 tironibus
751 815 894 912 linguae
912 840 994 902 curn
1010 824 1129 917 primis
1145 821 1185 896 fit
1204 823 1302 898 com.

271 915 484 997 emendanda.
511 913 616 1018 Quod
630 913 800 1015 reliquum
815 913 1092 1002 est'‚'teslitnouia
1107 921 1300 997 celebrium

272 1015 453 1105 uirorum,
477 1023 565 1110 quae
586 1011 728 1098 damus,
754 1013 883 1086 docere
904 1013 1060 1106 poliunt:
1109 1019 1300 1116 uibusjarn

272 1113 424 1190 Antonii
445 1110 688 1197 Scbonlrovii,
714 1107 913 1210 Tanaquilis
936 1115 1060 1204 Fabri,
1086 1043 1124 1192 gc
1146 1115 1301 1210 Annae',

273 1211 480 1386 {mailli
495 1207 845 1383 {irlipedoiliffiruam
868 1209 1032 1316 suffragia
1048 1213 1226 1312 subjuncta
1238 1239 1301 1291 ex.

398 1331 451 1384 us.
537 1325 603 1380 ae.

423 1511 1168 1624 runusrurss„u1uo

274 1639 659 1810 curtrunno
701 1732 777 1806 ns
815 1661 1123 1828 usnrnn',
1161 1703 1222 1808 o.
1245 1701 1299 1809 r.

275 1917 279 1924 ·
397 1913 1175 1994 comrrrbusennnum

270 2141 274 2195 ι
339 2077 469 2184 anon
494 2109 688 2180 ausurus
716 2108 781 2180 ax
808 2107 1148 2182 cnncntnunro.
1172 2113 1234 2182 uc.

679 2293 715 2370 S.
762 2293 801 2366 1³.
831 2293 902 2369 .D.

473 2487 680 2575 TAN.
774 2487 1105 2576 FABER.

376 2711 422 2764 rsr
448 2685 634 2772 subvenis,
659 2684 736 2760 Vin
752 2685 1048 2776 lurusrurssrns,
1069 2711 1195 2784 pereo:
1221 2690 1301 2786 Jam

397 2787 484 2861 mibi
507 2785 551 2860 ad
566 2803 762 2874 venenum,
784 2786 856 2884 jam
881 2787 923 2860 ad
940 2787 1158 2883 suspendium
1179 2783 1302 2862 autad

269 2911 419 2989 puteum
442 2909 498 2959 res
520 2881 590 2973 est,
617 2879 655 2956 ἃ
679 2905 738 2956 me
753 2885 788 2960 in
803 2887 923 2980 paneis
941 2885 1064 2960 diebus
1079 2889 1182 2982 plane
1199 2911 1300 2960 eruor·

270 2983 449 3088 ruffinum
476 2979 546 3056 elle
570 2981 735 3076 accipies.
797 2986 849 3056 At
877 2983 973 3071 hoc,
1006 2983 1188 3073 srnescis,
1211 2985 1301 3059 mibi

270 3087 373 3162 dolet
391 3083 578 3158 acerrime.
639 3081 769 3177 Neque
797 3079 895 3154 eninr
921 3101 992 3154 tam
1016 3083 1201 3156 ambitiose
1221 3083 1300 3175 pbi-

268 3181 446 3281 losophari
468 3179 582 3267 soleo,
607 3195 646 3251 ut
662 3177 833 3254 hilaris&
850 3198 967 3276 myrto
980 3187 1165 3254 coronatus
1183 3179 1225 3254 ad
1239 3197 1302 3253 ve*

270 3303 367 3362 tetes
381 3283 459 3356 illos
475 3278 614 3352 Heroas
630 3277 782 3372 migrare
797 3299 973 3373 expetam.
1023 3277 1161 3352 Multae
1181 3295 1302 3354 autern

271 3384 398 3458 causae
418 3379 516 3464 sunt,
539 3371 578 3446 oz
594 3393 658 3446 eae
677 3375 820 3470 quidem
835 3375 1177 3466 vehementissimae,
1203 3397 1241 3448 ut
1254 3393 1301 3450 ne

271 3473 312 3557 Id
333 3477 479 3552 nimium
497 3473 649 3549 libenter
666 3475 785 3548 velim.
835 3475 902 3548 Eas
923 3497 991 3568 epo
1013 3473 1151 3564 c'ausas,
1176 3473 1239 3549 nisr
1261 3492 1301 3550 tu

269 3571 416 3656 fortasse
429 3575 533 3671 paulo
553 3593 589 3646 es
610 3573 838 3668 occupatior,
862 3571 923 3648 sex
944 3572 1079 3668 septem
1102 3575 1220 3649 verbis
1239 3597 1300 3650 ex·

273 3675 439 3776 posuero.

324 3771 503 3860 Primum,
525 3767 711 3858 dentrbus,
735 3771 970 3869 lateribusque
986 3791 1089 3870 atque
1104 3771 1237 3861 oculis,
1261 3767 1301 3848 ἃ

274 3871 450 3968 ambobus
474 3869 643 3961 pedibus,
676 3867 757 3945 satis
781 3869 872 3946 belle
895 3894 1004 3968 usque
1029 3871 1144 3946 adbuc
1169 3869 1220 3944 uti
1245 3871 1299 3944 vi-

274 3969 382 4068 deor,
398 3985 588 4067 nequens
600 3965 671 4044 mei
685 3969 865 4070 poenitet:
888 3969 1015 4074 Atqui
1030 3969 1195 4060 italum,
1219 3962 1303 4140 {uid

281 4080 286 4090 '
364 4082 368 4096 '
653 4105 660 4122 ·
1162 4086 1223 4146 tan
1248 4085 1306 4144 ent
