2868 4568
327 287 1037 389 PRAEFATIO.

158 499 290 590 moriae
317 501 454 583 museto
470 497 550 606 fit,
576 495 632 601 ἐξ
659 499 700 582 in
730 496 857 583 tttutts
887 493 1065 584 Diftator
1092 500 1208 589 audit

161 615 302 710 Rulus.
351 611 446 711 Sed,
473 607 775 722 quemadmodum
797 614 837 694 in
862 611 951 694 aliis
979 612 1207 723 Epigrapbe

162 721 430 836 destderatur,
445 723 557 846 ficia
576 723 665 846 aliis
690 726 862 847 uarias.
888 747 1118 836 quamquam
1129 726 1206 833 sa·

159 832 1207 1060 culturususstandands:
1251 911 1253 916 ·

160 1068 243 1149 tric
260 1059 514 1172 effingenuum
531 1057 818 1168 inconstantiam
841 1059 983 1145 uideas.
1015 1064 1099 1146 Nec
1120 1061 1207 1148 Cel·

160 1177 258 1260 larii
277 1199 358 1258 cum
386 1173 522 1284 ἅροηίο
546 1171 687 1256 literas
714 1169 766 1250 V.
789 1167 832 1254 C.
871 1169 1010 1256 Visum
1041 1171 1206 1258 Clasiffi·

159 1311 267 1369 mum
296 1289 457 1398 potius,
493 1306 607 1398 quam
636 1283 773 1366 Visum
803 1283 1049 1370 Consularem
1080 1291 1205 1372 inter·

154 1401 353 1510 pretantc's
383 1401 514 1508 rejicio
548 1391 828 1505 conjecturam,
855 1397 955 1509 quod
967 1415 1044 1511 pro
1060 1397 1119 1483 ets
1146 1414 1205 1483 te·

157 1511 273 1596 tidem
299 1511 428 1594 literis
458 1507 544 1591 Viri
573 1507 724 1592 illustris
755 1506 850 1592 Festi
873 1509 957 1610 &lu
988 1513 1136 1621 legitur
1162 1515 1205 1595 in

158 1624 307 1706 Ncccnii
331 1623 560 1705 Conlaticnc.
618 1621 846 1704 Perimula
863 1637 1072 1730 perperam
1084 1640 1204 1733 prae.

145 1731 315 1840 ferunt,
343 1731 380 1839 fi
405 1731 568 1816 escendam
604 1733 749 1813 Nmnii
779 1729 866 1813 Cad.
895 1735 1098 1840 excipias,
1160 1737 1205 1818 ui

157 1842 298 1951 diserte
321 1841 369 1924 ad
389 1843 590 1926 Valentem
611 1839 825 1964 Principem
846 1840 963 1949 legit,
985 1760 1202 1928 cunula-

158 1953 371 2036 lentiniano
396 1953 563 2037 dicatum
599 1947 841 2062 opusculum:
877 1970 986 2064 'quem
1023 1977 1202 2040 errarem

52 2155 54 2162 A
152 2081 317 2175 praeter
353 2061 405 2149 H.
430 2061 617 2168 Valefium
651 2062 707 2148 ad
736 2066 861 2148 Arum.
875 2086 879 2095 ·
892 2064 1200 2167 Marcellinum,

153 2177 289 2262 uidere
310 2175 571 2278 Gothulredus
595 2173 783 2290 allegem
803 2170 971 2283 quisquis
991 2175 1048 2281 &⁹
1072 2175 1121 2284 J.
1146 2182 1199 2262 G.

122 2333 125 2345 ·
154 2289 355 2378 Walclsius
372 2289 546 2401 praefat.
574 2289 629 2374 ad
649 2291 866 2374 Cellarium.
877 2289 998 2402 Epist.
1029 2315 1108 2399 c.3.
1140 2287 1199 2396 ες*
1336 2385 1339 2396 ,

154 2411 190 2491 8.
220 2419 265 2486 ut
284 2419 398 2488 natat
421 2393 624 2487 Fabricius
652 2403 836 2514 Supplem.
870 2402 914 2484 T.
932 2403 1016 2487 III.
1044 2419 1081 2507 p.
1104 2427 1196 2514 113.

150 2519 218 2627 qui
245 2513 301 2598 ad
316 2515 628 2599 Valentinianum
654 2537 698 2597 11
718 2516 822 2621 Aug.
854 2515 995 2598 retulit
1029 2515 1127 2599 T.I.
1155 2533 1196 2624 p.

150 2631 199 2710 61
215 2649 246 2734 .¹·
284 2649 512 2736 quamquam
545 2621 769 2733 Salmafium
799 2621 921 2730 Epist.
945 2639 984 2733 p.
1009 2649 1074 2708 21.
1113 2629 1196 2713 Va.

150 2736 354 2822 lentiniani
369 2736 554 2817 extremis
572 2733 802 2840 temporibus
822 2729 970 2838 Ruficm
983 2731 1195 2846 scripstffc,

147 2847 336 2960 eidemque
347 2847 456 2960 suum
475 2841 608 2950 dicaffe
631 2843 796 2930 libellum
814 2841 968 2954 uuluiſjc
989 2855 1031 2930 in
1058 2849 1194 2938 notula

147 2985 361 3063 monentur,
388 2956 520 3072 quode
535 2951 821 3068 dilloSalmafii
841 2957 917 3042 loca
934 2959 1196 3072 colligerentn

145 3077 285 3184 patui,
312 3067 385 3182 secl
412 3069 659 3185 linificam,
695 3073 802 3180 cujus
833 3075 1001 3158 meminit
1036 3071 1193 3182 Rufus,

147 3183 241 3268 duas
267 3183 496 3293 Aquitaniae
524 3183 623 3266 inter
642 3181 684 3266 δι
702 3185 1094 3294 Novempopulantm
1116 3211 1193 3272 nom

146 3297 219 3396 uid
249 3303 434 3382 extremis
465 3295 731 3382 Valentiniani
762 3297 923 3406 Imperii
957 3295 1202 3411 temporibus¹

144 3403 214 3518 effe
222 3405 400 3513 fielium.-
429 3407 474 3494 de
494 3425 606 3520 opere
623 3411 752 3494 autem
778 3409 838 3494 illi
863 3413 1042 3522 Principi
1061 3409 1191 3496 dicata

145 3517 251 3608 nihil.
303 3523 493 3608 cellarius
510 3538 639 3626 certe,
666 3546 749 3605 cum
768 3522 975 3634 vulgatam
995 3515 1189 3610 ledicncm

145 3636 338 3742 inpriore
359 3633 603 3743 vindicasset,
632 3639 673 3722 in
695 3635 901 3746 posteriore
925 3635 1094 3724 alteram
1121 3663 1188 3724 rc·

140 3743 268 3860 posuit
296 3766 406 3835 certa
436 3753 589 3834 ratione
608 3807 622 3848 ‚
643 3775 773 3861 ,quam
803 3749 968 3852 reddit,
1005 3749 1187 3863 inpulsus.

144 3857 219 3944 Ad
236 3859 547 3947 Valentinianum
569 3861 627 3945 tt.
647 3857 837 3973 scripstlle¹
863 3887 935 3948 nou
957 3867 1085 3974 patuit
1112 3863 1186 3949 Fe·

130 3969 244 4084 stus,
270 3977 340 4088 qui
357 3977 577 4088 Principis,
604 3979 666 4064 cui
685 3953 894 4090 opusculum
913 3973 1087 4080 dicauit,
1113 3977 1185 4058 im

1115 4097 1182 4198 Pte
