2908 4576
493 239 1119 348 ntnrcnrroues

297 405 389 478 baec
405 395 545 488 rupina
561 395 774 483 offerantur,
793 395 851 468 Te
869 393 1011 492 dignior
1028 393 1324 470 animooccurre-
1425 387 1426 424 ¹

300 501 451 592 bat3Te
465 503 625 595 inquam,
639 517 743 592 quem
760 517 822 592 par
836 491 887 567 est
903 513 940 568 ut
957 495 1051 566 orbis
1065 493 1221 589 eruditus
1236 497 1326 568 sum-

298 623 396 674 mum
414 593 908 690 Historiae&Cbronologiae
919 591 1086 666 arbitrum
1103 592 1326 688 agnoscat&

300 698 478 773 statorem.
526 691 623 767 Mihi
645 691 717 765 ltoc
741 691 786 765 de
810 691 868 763 Te
892 689 1113 790 praedicanti
1138 690 1245 764 fidem
1270 693 1324 765 ia·

300 797 400 870 ciunt
423 812 476 866 tot
500 789 642 864 illustria
662 790 799 886 ingenii
825 789 897 862 Tui
921 805 1175 878 monumenta,
1198 792 1326 886 quibus

299 893 506 968 interiorum
528 890 708 962 literarum
730 891 884 961 cultores
904 887 992 960 Tibi
1009 887 1044 960 in
1061 905 1244 960 aeternum
1259 890 1325 961 de-

300 989 464 1065 vinxisti:
481 988 669 1082 praecipue
680 1004 797 1062 autem
808 985 1004 1060 immortale
1015 985 1098 1058 illud
1112 982 1244 1084 opus&
1255 989 1325 1081 pla·

300 1112 348 1162 ne
372 1088 552 1176 divinum,
579 1085 673 1182 quod
696 1084 741 1159 de
763 1083 878 1181 Cyclis
897 1085 1069 1158 Veterum
1089 1105 1170 1156 cum
1187 1083 1326 1180 ingenti

301 1185 518 1259 eruditorum
542 1184 661 1278 plausu
678 1181 717 1256 dt
739 1183 974 1257 admiratione
996 1181 1087 1254 haud
1113 1181 1165 1254 ita
1187 1181 1325 1277 pridem

180 1369 184 1378 Ι
299 1282 454 1357 edidisti.
507 1283 549 1354 ln
585 1283 655 1356 hoc
689 1280 856 1381 quicquid
884 1279 1063 1376 Sigonio,
1103 1280 1323 1374 onuphrio,

300 1383 501 1478 scaligero,
524 1381 696 1470 Petavio,
720 1377 867 1477 Pigbio‚
892 1379 1112 1474 caeterisque
1130 1378 1325 1453 Chronolo·
1429 1459 1430 1470 χ

303 1502 430 1573 gotum
447 1477 662 1574 principibus
677 1478 820 1550 arduum
836 1496 943 1572 atque
956 1475 1115 1550 abditum
1133 1475 1327 1566 vilumest,

302 1577 480 1670 praeclare
506 1575 595 1648 adeo
615 1573 804 1665 illustrasti,
830 1593 868 1646 ut
884 1573 976 1670 apud
994 1597 1120 1670 aequos
1134 1596 1249 1648 rerum
1269 1599 1327 1648 ae·

301 1674 498 1750 stimatores
514 1674 551 1748 in
576 1671 735 1748 confello
751 1671 814 1763 stt,
839 1673 929 1746 nihil
945 1671 989 1746 ad
1006 1671 1200 1747 istiusmodi
1215 1671 1326 1746 studia
1430 1664 1431 1688 ¹

302 1773 526 1846 emendanda
536 1771 674 1866 judicio
690 1773 773 1845 Tuo
791 1769 946 1845 eradius
959 1769 1047 1860 effe,
1073 1790 1133 1844 aut
1147 1771 1189 1844 ad
1201 1771 1325 1844 illaau·

302 1871 421 1967 genda
435 1867 473 1944 dt
488 1869 736 1965 amplificanda
750 1869 896 1965 ingenio
912 1869 995 1942 Tuo
1011 1867 1197 1962 copiolius.
1229 1869 1327 1943 lnter

302 1967 460 2042 auctores
474 1987 615 2058 autem,
637 1969 762 2062 quibus
775 1966 937 2064 legendit
951 1967 1146 2043 edendieve
1162 1967 1234 2042 usui
1255 1991 1326 2042 non
1431 1970 1432 2006 l

299 2069 433 2166 exiguo
455 2066 524 2140 elle
549 2067 663 2161 potest
685 2067 805 2139 Tuum
825 2065 917 2139 istud
938 2082 1138 2163 temporum
1155 2069 1325 2142 Rationa-

299 2169 411 2253 rium,
435 2164 487 2238 sas
502 2166 591 2238 mibi
608 2164 649 2237 stt
665 2186 851 2238 numerare
864 2165 1070 2260 Eutropium
1080 2165 1164 2262 ,qui
1178 2165 1263 2238 licet
1279 2187 1325 2238 ex

301 2263 449 2357 optimis
462 2259 777 2358 probatiffimisque
789 2263 970 2342 annalibus
980 2287 1033 2338 res
1049 2263 1125 2356 pius
1142 2285 1244 2359 quam
1260 2284 1323 2337 nc.

301 2381 472 2432 annorum
486 2361 520 2432 in
534 2360 684 2454 imperio
696 2362 861 2434 Romano
872 2358 986 2458 gestas
1000 2363 1202 2458 collegerit,
1217 2381 1327 2454 atque

297 2457 388 2553 stylo
404 2455 600 2546 succindlm
625 2455 683 2545 dr,
709 2482 774 2552 pro
790 2459 915 2533 saeculi
932 2459 1084 2544 ratione,
1110 2457 1223 2533 nitido
1242 2459 1325 2532 satir

300 2555 340 2628 δι
356 2556 510 2651 eleganti
525 2554 703 2630 historiam
718 2556 962 2646 contexuerit,
992 2557 1082 2632 haud
1100 2573 1216 2630 tamen
1233 2557 1327 2632 adeo

303 2677 348 2728 ac
362 2652 564 2728 historicum
580 2653 700 2728 decuit
713 2655 757 2728 ad
774 2654 928 2730 amussim
942 2655 1237 2754 Chronologicam
1248 2679 1325 2730 nar·
1432 2743 1433 2758 χ

302 2753 456 2826 rationes
477 2753 553 2826 suas
575 2753 705 2849 exigit:
730 2755 860 2850 quippe
883 2755 996 2830 varias
1022 2755 1128 2828 Urbis
1152 2754 1329 2829 Conditae

301 2851 488 2952 Epochar,
516 2851 772 2926 Varronianarn
797 2873 946 2948 nempe,
974 2854 1229 2946 Catonianam,
1260 2853 1326 2926 Fa·

303 2949 466 3041 bianarn,
486 2951 737 3046 Polybiauam,
757 2947 828 3025 &c
845 2952 1043 3046 promiscue
1054 2950 1220 3039 adhibet,
1245 2951 1326 3028 lcti-

303 3067 471 3142 ptorum,
496 3049 590 3122 unde
610 3049 740 3144 aliquid
763 3054 1014 3144 excerpserat,
1044 3049 1329 3147 supputationem

304 3143 454 3220 secutus.
502 3147 585 3220 Hac
598 3167 643 3222 cx
655 3169 694 3219 re
711 3169 755 3222 ne
769 3148 852 3245 quid
866 3149 1070 3224 detrimenti
1089 3150 1230 3245 capiant
1244 3149 1331 3222 Mu-

305 3245 418 3318 sarum
443 3243 594 3334 alumni,
629 3267 722 3318 ueve
745 3247 920 3322 literarum
946 3249 1122 3322 curriculo
1142 3250 1178 3322 in
1200 3245 1332 3320 foedot

305 3342 506 3442 impingant
525 3365 678 3430 errores,
705 3343 788 3416 Tuo
811 3347 932 3440 Opere
949 3347 1089 3420 abunde
1104 3355 1243 3420 cautum
1265 3343 1330 3419 est.

304 3440 373 3514 Pro
385 3441 533 3536 publico
548 3441 616 3514 hoc
628 3441 805 3516 beneficio
816 3445 949 3540 gratias
962 3445 1049 3519 Tibi
1064 3444 1330 3520 cumulatered·

307 3537 394 3610 dent
407 3539 557 3632 posteri,
569 3539 625 3614 sed
642 3561 728 3636 quar
741 3563 807 3635 pro
821 3543 902 3616 Tua
915 3565 997 3639 erga
1009 3565 1066 3616 me
1079 3542 1332 3616 benevolentia

308 3653 425 3730 grates
444 3638 658 3733 rependam,
685 3640 775 3712 haud
794 3639 876 3714 fane
893 3641 1054 3716 invenio.
1103 3641 1190 3715 Hoc
1211 3659 1336 3716 tamen

308 3734 548 3834 qualecunque
562 3738 674 3810 cultus
690 3737 760 3810 mei
776 3737 1075 3814 &observantiae
1090 3738 1335 3813 testimonium

308 3830 397 3908 Tibi
412 3831 541 3911 affero:
564 3836 657 3942 quod
672 3835 784 3913 nolim
800 3859 845 3914 ex
858 3835 966 3916 officii
982 3839 1177 3931 tenuitate,
1199 3836 1338 4012 ῑεῗοῐιῑ

1258 3957 1341 4032 equt
