2868 4568
414 239 1126 336 PRAEFATIO.

251 447 298 538 ti
324 439 516 558 dignitate
546 443 740 556 inlignitos
777 433 1033 532 commemoret
1075 446 1303 536 Fabricius.

254 561 458 672 Quantum
489 575 619 643 tamen
651 559 856 643 econlatis
888 583 1004 643 manu
1033 556 1089 662 &⁹
1117 567 1219 671 typis
1235 563 1299 649 de-

244 675 410 788 scriptis
434 671 629 756 Codicibos
656 669 830 780 colligere
846 678 979 780 potiar
1007 697 1145 756 uorum
1164 703 1297 760 nomen

246 783 365 897 sciffo
395 781 555 867 uidetur
581 785 749 866 Suxrus
782 782 922 865 Rurus
954 783 1146 887 Firmos,
1194 813 1297 899 quae

257 891 808 1094 ocvoopgggeggg
829 893 1292 1094 Gliliills'oil‘l·

257 1028 410 1210 illiceris
421 1181 433 1222 ‚
459 1119 616 1232 perinde
624 1118 693 1229 fit.
751 1068 840 1229 llll
867 1115 992 1203 Rufus
1017 1118 1145 1204 Selius
1172 1039 1293 1207 arilei

247 1233 440 1349 scriptum
455 1229 610 1342 suerit,
638 1229 738 1338 quod
750 1247 824 1340 pro
842 1233 983 1316 Sextus
999 1237 1090 1341 poni
1106 1238 1293 1343 ignoran-

137 1397 140 1408 =
257 1363 317 1434 tes
347 1346 532 1430 Librarii
552 1348 592 1427 in
622 1343 777 1426 Folium
798 1359 1013 1429 mutarunt.
1070 1352 1140 1428 An
1166 1371 1296 1447 vero,

181 1555 183 1564 ¹
256 1455 406 1564 etiamst
422 1455 523 1564 Festi
542 1479 691 1556 namen,
720 1481 803 1540 eum
826 1455 1063 1565 Consularem
1070 1452 1292 1560 sociemus,

258 1573 350 1686 qnia
368 1568 433 1653 hoo
450 1567 504 1672 &
525 1571 667 1650 nomine
687 1565 742 1669 θ
760 1595 911 1652 monere
928 1567 1117 1676 infignitus
1135 1571 1218 1678 quis
1244 1591 1292 1650 eo

258 1699 427 1792 tempore
455 1685 564 1766 vento
584 1685 603 1762 ἓ
640 1705 720 1761 cum
739 1677 794 1783 &i
818 1678 1005 1792 consolari
1024 1679 1078 1782 &²
1095 1673 1297 1788 proconso-

258 1799 343 1882 lari
359 1793 549 1906 dignitate
569 1791 698 1903 plores
726 1789 991 1898 lislifuerint
1016 1789 1155 1902 ganist.
1193 1787 1293 1874 Festi

257 1909 395 2021 Syriae
414 1905 616 1992 consularis
636 1908 802 1988 meminit
821 1905 1036 2001 Libanim3
1061 1900 1157 1988 Festi
1179 1899 1291 1988 Aiiae

257 2019 491 2134 proconsulis
513 2017 632 2117 idem,
673 2021 799 2101 Amm.
841 2014 1123 2117 Marcellinus,
1161 2017 1294 2099 Euna-

254 2126 1290 2354 ppcpcilllpcltlu{trientali

560 2305 571 2323 ν
1082 2301 1095 2342 o

256 2373 339 2442 tom
357 2381 403 2439 ac
425 2357 611 2463 Spaniam.
640 2351 688 2433 R.
718 2359 836 2440 etiam
866 2349 961 2436 Festi
986 2354 1033 2434 V.
1056 2353 1101 2438 C.
1122 2351 1173 2435 de
1188 2352 1224 2435 se
1240 2348 1289 2434 ad

255 2467 384 2553 Deam
398 2465 578 2550 Noctium
596 2464 846 2576 Epigramma
865 2469 905 2550 in
918 2463 1073 2550 Anthol.
1090 2467 1175 2550 Ver.
1193 2465 1287 2550 Lot.

257 2581 306 2666 L.
330 2581 364 2662 l.
401 2581 474 2688 Ep.¹
499 2589 653 2662 u'xxrx.
694 2581 765 2662 Eoi.
798 2573 857 2662 ct.
878 2577 1175 2680 Burmanni&
1194 2575 1286 2684 Dill.

259 2693 531 2801 Cannegieteri
562 2691 848 2780 acleiannm.
906 2689 976 2776 An
994 2715 1090 2774 vero
1108 2689 1168 2772 hic
1196 2713 1290 2776 unos

109 2861 115 2872 ·
256 2805 459 2916 idemque,
495 2803 552 2908 ὃ
572 2803 614 2916 st
631 2805 721 2915 fit,
761 2831 814 2890 an
841 2803 1012 2911 Noster?
1051 2803 1133 2912 Qui
1153 2807 1287 2911 Syriae
1410 2889 1411 2904 ἶ

257 2917 496 3028 consolaris,
535 2921 628 3032 quin
651 2915 777 3028 peplea
802 2916 921 3028 Astae
943 2916 1143 3027 proconsul
1152 2915 1290 3019 suerit
1410 2965 1411 2971 κ

257 3051 339 3113 cum
356 3027 444 3112 aliis
461 3034 536 3112 uice
558 3028 720 3113 dubito:
748 3057 801 3114 an
830 3027 994 3136 Noster,
1034 3027 1176 3112 haereo.
1245 3030 1291 3110 Si

138 3187 143 3196 ·
257 3163 356 3225 uero
374 3139 566 3225 Graeciae
584 3139 885 3252 proconsulatum
909 3137 1085 3251 gofferit,
1119 3163 1173 3222 an
1206 3140 1290 3250 ejus

257 3255 440 3362 Linguae
468 3253 583 3362 plane
616 3253 764 3338 rodis?
810 3279 1040 3368 quamquam
1074 3247 1128 3356 &³
1177 3255 1290 3360 prior

258 3371 381 3476 opinio
400 3365 556 3450 nondum
575 3365 667 3450 mibi
687 3366 818 3480 liquet.
877 3363 1045 3474 Valeflus
1074 3363 1221 3478 quidem
1243 3361 1293 3449 ai

257 3479 490 3565 Marcello'ni
513 3477 638 3564 uerbo
665 3477 700 3561 d.
721 3481 746 3564 l.
783 3475 915 3566 Festuo
938 3475 1092 3586 quidum
1122 3475 1289 3559 Triden-

257 3591 361 3672 tinus
397 3653 485 3678 ...
522 3587 778 3677 administrata
811 3588 954 3702 Syria,
994 3585 1286 3700 Magisterioque

257 3706 452 3786 memoriae
482 3701 635 3810 perriio
662 3767 671 3783 .
702 3766 711 3785 .
742 3767 753 3787 .
782 3727 911 3814 regere
936 3697 1061 3786 lissam
1087 3699 1259 3806 procons
1274 3749 1289 3768 -

256 3813 324 3894 iuri
356 3813 541 3913 potestate
568 3817 718 3900 morsus
744 3831 814 3900 cet.
843 3813 967 3898 nullus
994 3813 1174 3920 dubitat,
1202 3815 1289 3926 quin

256 3921 316 4032 iric
335 3920 392 4033 fit
420 3924 598 4032 Nostan-
609 3943 820 4044 propterea
850 3926 951 4041 quod
976 3923 1189 4039 Megisterii
1217 3947 1292 4008 me·

291 4087 294 4096 .
676 4097 682 4116 ⁸
821 4086 830 4098 .
1213 4059 1293 4122 mo·
