2908 4576
504 235 1177 350 DEDICATIONES·

306 413 475 490 honorem
492 425 594 482 tanto
611 407 753 506 fastigio
768 405 913 502 dignum
931 405 1074 503 spirant.
1099 405 1340 486 Palodamenu‘

304 533 382 586 tum
408 509 444 585 dc
466 532 560 584 arma
582 507 785 603 caelataque
808 503 843 578 in
861 505 1005 579 thorace
1022 522 1188 600 tropaea,
1216 509 1334 584 Deae.

306 635 375 707 que
388 609 575 683 statuentes
590 605 786 680 mansurum
801 605 992 694 bonorum,
1006 601 1230 677 vidoriarum
1244 631 1332 680 con·

306 712 408 782 tiouo
431 707 528 780 corso
551 703 694 778 felicem
722 703 893 778 denotant
916 703 1143 800 principem3
1175 703 1333 799 subjecta

306 805 440 880 ibidem
456 804 500 877 ad
519 802 724 877 umbilicum
740 801 902 890 Concha,
926 825 972 876 ex
989 800 1088 893 cujus
1102 799 1194 898 quali
1209 805 1335 878 medio

137 915 143 932 '
180 974 185 984 ,
306 903 416 1000 surgit
432 921 633 998 tropaeum,
655 901 826 999 respicere
841 899 929 974 mihi
944 900 1086 974 videtur
1102 923 1174 974 non
1191 918 1334 976 tanturn

254 1055 257 1068 .
307 1001 352 1076 ad
375 1002 531 1075 nobilem
551 1001 664 1090 illam,
690 1024 758 1098 qua
773 997 912 1073 solisrbi
927 997 1163 1093 Reipublicae
1178 998 1334 1092 potesta·

306 1117 381 1173 tem
402 1098 541 1173 asseruit
562 1109 715 1197 pugnam
736 1097 940 1186 Ailiacam,
965 1121 1090 1171 verom
1109 1093 1147 1170 dt
1163 1096 1206 1170 ad
1223 1121 1332 1194 gene·

304 1198 354 1272 sis
369 1197 567 1293 originem,
593 1197 683 1271 mati
697 1215 836 1287 natam,
862 1197 1053 1272 Venerem.
1093 1196 1223 1268 Subtus
1237 1197 1331 1271 Her·

304 1295 395 1371 colis
417 1318 538 1370 cernas
558 1297 717 1386 labores,
741 1296 800 1392 qui
818 1293 959 1392 quidem
977 1315 1101 1368 omnes
1114 1294 1205 1367 miro
1220 1294 1329 1369 artifi-

307 1397 369 1469 cio
392 1392 578 1467 militarem
599 1403 775 1488 occupant
796 1391 1008 1478 cinilutam,
1040 1393 1254 1486 felicemque
1274 1417 1329 1466 re·
1432 1447 1433 1452 ,

306 1513 384 1566 rum
403 1490 551 1582 statum,
568 1491 727 1566 monstris
744 1493 909 1565 omnibus
926 1491 1119 1577 exstindtis,
1134 1491 1332 1566 celebrant.
1432 1503 1433 1506 ’

268 1585 270 1589 ’
305 1589 498 1664 Exciderat
517 1595 609 1686 pene
630 1592 768 1681 animo,
794 1592 888 1687 quod
906 1594 942 1663 in
964 1592 1080 1688 capite
1100 1589 1230 1664 statuae
1248 1589 1325 1686 dig·

304 1689 479 1763 nillimum
504 1686 802 1762 animadverlione
818 1687 928 1762 visum
951 1689 1012 1762 eli.
1064 1691 1121 1763 Ad
1141 1709 1326 1786 utromque

304 1803 446 1880 tempus
461 1785 499 1860 δι
516 1810 654 1862 comam
678 1788 820 1862 verticis
836 1786 1008 1860 foramina
1024 1788 1118 1876 vidi,
1143 1785 1324 1860 vetustitlr·

305 1884 372 1958 mis
390 1885 465 1980 jam
490 1887 706 1982 temporibus
730 1905 806 1959 arte
827 1886 1027 1972 elaborata3
1058 1886 1164 1960 subiit
1186 1883 1326 1972 statim,

304 1982 497 2060 inserviille
520 1986 677 2074 laureae,
703 2007 793 2080 quae
816 2005 861 2058 ex
879 2007 958 2058 aere
979 1983 1095 2072 fasta,
1120 1987 1176 2057 vel
1197 1987 1327 2081 pretio·

302 2079 394 2155 srore
417 2085 582 2172 metallo,
608 2085 657 2156 ita
672 2085 780 2177 capiti
795 2085 896 2180 hujus
914 2081 1045 2156 statuae
1061 2082 1167 2155 luerit
1186 2082 1327 2176 adapta·

303 2197 354 2252 ta.
404 2180 452 2251 Et
472 2181 559 2253 olim
583 2180 725 2278 quidem
746 2181 883 2254 Romae
901 2197 938 2252 to
967 2202 1024 2253 ato
1043 2181 1173 2275 populo
1191 2179 1325 2272 specta-

303 2277 385 2348 bilis
400 2271 636 2373 temporibus,
660 2279 783 2374 quibus
804 2205 969 2353 Nobilitl.
994 2277 1178 2372 Reynstius
1198 2277 1248 2351 ibi
1263 2301 1326 2370 pe·

302 2372 567 2470 regrinabatur,
580 2397 686 2472 atque
702 2377 739 2450 in
755 2375 888 2452 nollras
902 2375 1098 2451 transveila
1112 2394 1239 2467 terras,
1249 2399 1326 2448 me·

304 2471 375 2543 rito
391 2473 586 2570 principem
605 2475 722 2569 locum
737 2475 1235 2552 inter.VelsenaMonumeota
1247 2473 1326 2547 Vil-

300 2569 358 2642 lae
388 2571 671 2663 Papenbruchiae
691 2575 856 2660 obtinere¹
872 2571 1033 2662 videtur3
1058 2595 1102 2646 ex
1124 2572 1223 2670 cujus
1250 2574 1324 2668 jam

300 2667 445 2740 Pontico
467 2669 592 2744 reliilis
609 2687 664 2744 tot
686 2673 820 2746 veteris
842 2673 924 2750 oevi
943 2673 1200 2762 monumentis,
1225 2671 1324 2746 ildei·

300 2787 369 2862 que
383 2790 469 2840 vere
491 2771 645 2842 Batavae
665 2769 876 2844 nobilillimo
900 2770 1128 2859 testimonio,
1155 2771 1248 2868 quod
1268 2793 1323 2842 ru·

301 2864 366 2938 bro
384 2865 511 2959 lapidi,
536 2867 596 2942 sed
611 2869 755 2966 antiquo
772 2867 809 2942 ἃ
822 2893 864 2942 ex
881 2869 1061 2943 ruderibus
1077 2867 1323 2943 vetustiffimae

300 2963 608 3039 Areia-Romanae
626 2989 736 3062 penes
752 2988 815 3040 nos
828 2966 978 3058 effollo,
1001 2967 1151 3042 incisum
1171 2969 1321 3040 Batavo·

300 3083 378 3134 rum
394 3061 504 3137 habet
519 3085 648 3139 nomen
669 3083 707 3139 ut
719 3067 879 3138 Fratrum
895 3084 999 3160 atque
1011 3068 1215 3140 Amicorum
1231 3065 1318 3160 lmp.

299 3159 407 3232 Rom.
437 3184 664 3257 properamus
687 3163 730 3237 ad
754 3164 847 3237 aliud
863 3161 1107 3259 spectaculum.
1160 3163 1264 3238 Haec
1283 3183 1323 3234 e·

298 3259 374 3331 nim
388 3261 527 3349 omnia,
551 3283 656 3357 quem
669 3282 741 3336 non
758 3265 939 3358 vulgarem
962 3285 1077 3358 neque
1097 3260 1320 3335 festinantem

298 3357 479 3452 requirant
493 3359 650 3448 oculum,
677 3379 877 3450 merentur,
903 3363 1042 3435 uberius
1059 3361 1247 3457 aliquando
1264 3381 1319 3432 re·

297 3453 450 3545 censeri,
475 3454 513 3530 oz
536 3458 608 3531 aeri
631 3457 788 3553 exprella
811 3459 922 3533 oculis
939 3459 1165 3534 Erudltorum
1184 3457 1318 3553 subjici.

298 3551 351 3620 Ut
372 3553 488 3648 itaque
513 3555 665 3653 primum
685 3557 805 3629 Aedes
819 3555 957 3654 ingreffi
974 3557 1109 3646 sumus,
1135 3555 1320 3630 laetillimo
1432 3627 1433 3632 ,

293 3645 491 3756 spedlaculo
510 3651 652 3746 pascere
682 3657 803 3726 oculos
826 3655 942 3728 licuit:
971 3655 1101 3752 ubique
1126 3655 1222 3728 enim
1249 3655 1320 3726 cla·

208 3813 212 3820 ,
294 3745 499 3820 rrilimorum
516 3751 553 3824 in
564 3751 681 3825 literis
698 3752 853 3825 virorum
875 3756 991 3826 vultus
1010 3753 1265 3843 occurrebant,
1280 3753 1320 3824 il·

292 3841 387 3936 lique
402 3865 470 3920 non
486 3848 563 3923 rodi
574 3849 737 3944 penicillo
751 3849 896 3947 expresli
905 3903 918 3942 ,
942 3853 998 3923 vel
1017 3853 1061 3923 ab
1076 3850 1227 3944 ignobili
1247 3873 1319 3927 tua-

293 3961 341 4016 ou
355 3939 528 4038 profesti,
551 3947 613 4024 sed
629 3951 780 4029 muima
795 3973 874 4047 pars
891 3948 1154 4058 anoblilillimis
1174 3946 1322 4123 Pitlgriq

1279 4067 1323 4121 us
