2908 4576
505 338 1122 419 DEDICATIONES

300 500 363 599 (ut
379 496 424 572 fic
440 495 581 594 dicam)
609 493 815 586 insederat,
842 517 930 591 quae
950 493 1009 590 ipsi
1029 491 1238 586 placebant,
1266 494 1327 569 du·

297 602 357 696 plo
374 602 588 696 pluraquam
608 595 797 693 Eutropius
817 593 1122 690 scripserat:quod
1136 593 1243 666 initio
1261 593 1328 666 sta·

300 699 365 771 tim
392 697 468 769 libri
494 695 597 766 l'acile
614 691 726 766 videri
751 691 883 786 potest,
910 692 970 790 qui
992 693 1135 788 vulgata
1154 691 1331 788 inspicere

300 796 400 869 volet
429 791 652 888 exemplaria.
716 790 880 864 Tandem
914 791 1014 862 bonis
1043 789 1168 864 avibus
1194 789 1331 884 prodiit

299 893 454 987 optimus
477 889 613 964 illevit
637 889 814 962 Antonius
834 887 1094 978 Schouhofius,
1125 889 1186 984 qui
1214 888 1329 980 ipsum

298 992 488 1064 authorem
506 989 631 1076 nobis,
655 989 753 1060 velut
771 989 813 1060 ab
831 985 955 1060 inseris
972 1005 1129 1072 erutum,
1156 985 1327 1076 nitidum,

300 1113 342 1162 ac
359 1089 416 1164 sua
435 1083 531 1162 vesle
554 1087 714 1186 indutum
730 1085 920 1172 exhibuit,
947 1082 1096 1159 abstersa
1114 1083 1175 1156 illa
1195 1082 1328 1176 hispida

300 1187 480 1260 barbariae
499 1185 609 1281 pelle,
635 1207 703 1275 qua
723 1187 767 1260 ab
796 1184 922 1258 eodem
943 1185 1052 1257 Paulo
1076 1182 1168 1257 male
1182 1180 1328 1256 amissus

299 1304 387 1360 erat.
440 1284 522 1384 Quo
537 1287 597 1377 pio
618 1281 737 1356 officio
758 1283 894 1357 omneis
915 1280 1039 1355 dusios
1063 1279 1124 1354 sibi
1142 1279 1326 1366 devinxit,

300 1381 491 1478 effecitque
508 1404 545 1453 ut
565 1373 670 1455 hemo
693 1379 922 1455 studiosorum
942 1403 1013 1452 non
1038 1379 1191 1470 fateatur
1217 1380 1252 1454 se
1277 1377 1328 1452 illi

301 1481 490 1574 plurimum
514 1479 671 1554 debere:
706 1503 747 1552 ea
773 1478 986 1575 potislimum
1009 1479 1055 1553 de
1072 1480 1199 1566 causa,
1233 1477 1329 1574 quod

295 1580 431 1658 nullum
449 1579 632 1652 authorem
651 1579 815 1653 Latinum
834 1579 1021 1666 habemus,
1046 1579 1107 1672 qui
1123 1597 1194 1650 tam
1210 1576 1329 1648 brevi·

247 1719 254 1732 ·
301 1695 358 1758 ter
386 1699 529 1749 omnem
552 1679 750 1748 Romanam
774 1675 953 1750 historiam
976 1675 1078 1748 nobis
1101 1673 1325 1764 exhibuerit,

208 1773 210 1778 ’
296 1795 403 1870 atque
425 1775 482 1850 hic
499 1775 705 1868 Eutropius:
731 1772 793 1846 nisi
817 1774 957 1848 Florum
979 1793 1233 1856 racematorem
1248 1773 1325 1866 quis

296 1874 466 1970 objiciat,
492 1895 563 1946 non
585 1875 659 1969 ejus
683 1877 822 1970 generis
839 1875 920 1948 sane
941 1871 1066 1947 forma.
1117 1873 1222 1946 Haec
1243 1893 1324 1944 cum

296 1974 348 2046 ita
373 1969 469 2061 siut,
502 1995 572 2070 ego
593 1975 797 2069 neutiquam
817 1973 960 2046 Paulum
983 1971 1079 2044 illum
1103 1982 1232 2067 agens,
1263 1989 1325 2041 aut

296 2071 400 2143 alium
417 2069 618 2167 quempiam
650 2069 826 2145 sutorem:
861 2091 898 2143 ut
919 2069 1093 2162 copiosior
1115 2071 1174 2144 hic
1196 2069 1324 2143 author

297 2169 332 2252 in
359 2171 541 2240 hominum
570 2189 691 2240 manus
711 2167 897 2260 prodiret,
930 2169 1062 2264 majore
1088 2169 1196 2240 etiam
1217 2191 1325 2260 quam

296 2263 466 2339 hasienus
491 2264 659 2336 leslorum
684 2265 858 2354 utilitate,
884 2289 979 2341 meas
1004 2265 1152 2338 seorsum
1177 2264 1326 2359 adjunxi

296 2361 579 2451 Annotationes,
607 2365 667 2436 vix
684 2361 908 2438 aestimandis
927 2381 1043 2459 partas
1057 2363 1251 2436 laboribus:
1277 2385 1323 2436 ea

294 2459 456 2532 hercules
471 2459 550 2554 spe,
574 2461 668 2556 quod
681 2480 804 2537 natura
817 2463 867 2538 ita
882 2481 1121 2560 comparatum
1140 2459 1321 2550 videmus,

296 2563 476 2653 perceptis
501 2559 616 2654 aliqua
650 2557 686 2635 in
716 2583 782 2648 re,
821 2585 864 2636 ac
896 2561 1086 2660 degustatis
1115 2559 1321 2656 principiis,

294 2656 411 2752 gliscit
434 2656 569 2728 animus
591 2657 726 2754 majora
749 2660 940 2755 percipere.
990 2661 1133 2734 Etcum
1153 2681 1197 2732 ex
1218 2659 1322 2754 hujus

294 2755 450 2826 authoris
474 2755 650 2828 brevitate
671 2756 709 2828 id
728 2759 908 2831 commodi
935 2755 986 2831 est
1011 2759 1194 2832 Romanae
1216 2755 1322 2832 histo·

290 2855 363 2924 riae
389 2853 555 2940 novitiis,
595 2854 690 2950 quod
714 2853 927 2950 simplicibus
952 2856 1046 2930 hisce
1075 2853 1320 2951 apprehensis,

290 2950 404 3024 facilis
424 2947 464 3023 lit
484 2949 614 3024 deinde
631 2953 687 3025 vel
709 2953 753 3029 ad
778 2957 943 3044 Livium,
968 2955 1027 3028 vel
1046 2954 1091 3028 ad
1107 2956 1267 3050 quemvis
1282 2977 1316 3028 a·

263 3070 268 3079 ·
292 3049 378 3122 lium
400 3051 585 3128 Romanae
608 3048 769 3126 historiae
795 3053 978 3128 authorem
1005 3052 1147 3149 legendi
1170 3049 1320 3126 facultas

290 3147 453 3242 (tanturn
479 3149 564 3221 boni
592 3149 696 3222 habet
723 3149 866 3244 simplex
884 3151 998 3224 omnis
1023 3149 1194 3248 traditio)
1219 3149 1318 3248 cogi·

288 3247 364 3322 tavi
387 3245 655 3321 succurrendum
676 3247 746 3322 effe
768 3248 940 3322 desiderio
963 3249 1212 3342 plurimorum,
1238 3271 1319 3343 par·

291 3344 356 3416 tim
371 3347 494 3440 quibus
516 3341 614 3416 deest
635 3347 799 3420 codicum
827 3351 997 3422 bonorum
1021 3348 1155 3444 copia,
1186 3346 1317 3439 partim

291 3461 381 3535 quos
406 3444 575 3540 temporis
593 3442 749 3540 angustia
772 3469 841 3519 non
865 3445 996 3541 patitur
1012 3469 1075 3540 per
1093 3445 1252 3535 omneis,
1277 3463 1319 3518 ut

288 3560 376 3630 opus
403 3541 507 3630 esset,
540 3542 703 3615 authores
729 3544 891 3618 volitare.
951 3545 1080 3616 Curavi
1105 3543 1243 3640 igitur,
1278 3564 1318 3618 ut

288 3634 371 3708 huic
386 3638 546 3734 Eutropii
564 3641 751 3732 Epitomae
766 3639 972 3731 adderetur,
997 3641 1164 3737 quicquid
1180 3664 1317 3714 memo·

288 3756 368 3806 ratu
399 3735 542 3832 dignum
573 3737 686 3823 esset,
723 3741 816 3836 quod
846 3765 954 3834 penes
977 3740 1132 3833 optimos
1158 3761 1316 3837 quosque

287 3831 542 3914 Romanosvel
562 3836 782 3930 reperissem,
809 3841 866 3912 vel
884 3836 1091 3912 invenissem
1118 3837 1315 3914 historicos.

287 3929 367 4002 Hos
383 3931 448 4004 ribi
464 3933 599 4005 labores
617 3933 750 4010 nostros
767 3937 994 4036 integerrime
1009 3937 1147 4010 Praesul
1164 3958 1205 4010 ac
1221 3937 1315 4032 Cug-

287 4047 370 4114 nate
396 4029 558 4114 dedicare
571 4031 725 4133 placuit,
754 4053 791 4120 ut
812 4057 1022 4120 renovareru
1043 4057 1253 4212 germanaml
1272 4035 1315 4104 il-

1255 4153 1314 4208 um
