2892 4580
491 241 1107 322 DE'DICATIONES

286 429 397 496 xossare
422 395 497 494 (ita
516 398 601 471 haec
618 396 778 490 Eutropii
796 393 927 493 vertit)
951 401 1070 486 alsisse,
1094 403 1146 472 uel
1165 405 1251 474 sioru'
1265 435 1310 476 tr·

287 501 516 574 reclusissem
538 496 667 580 aniius,
692 489 740 568 uis
754 491 920 587 Διμᾶςχυι
939 495 1074 568 indures.
1125 501 1200 586 lbi,
1220 527 1310 599 quos

287 594 469 693 defensores
492 593 678 689 appellavit
701 591 911 686 Eutropius,
938 591 1094 668 Graecus
1109 601 1221 676 lellus
1243 625 1309 674 ro·

287 719 369 784 cat,
382 693 418 766 ἃ
434 715 536 788 quum
555 693 721 786 Δημάςχις
736 690 831 763 dicat
847 689 1024 764 Tribunos
1040 693 1176 780 Plebis,
1190 695 1307 772 oslen-

285 797 338 870 dit
356 791 515 887 proprios
542 787 612 860 elie
634 789 792 882 judices,
814 791 912 862 rtrum
932 786 1108 883 ἄρχοντας,
1132 792 1307 868 videlicet

285 915 329 966 cx
345 893 445 984 plebe
460 885 586 960 lebium
603 885 870 978 Magistratum,
888 907 981 973 non,
1008 886 1109 962 sicuti
1125 892 1305 983 Consules,

286 1013 330 1063 ex
346 991 475 1060 Senatu
489 987 545 1058 vel
564 985 777 1056 Nobilitate.
804 984 985 1057 Praeterea
1000 983 1024 1058 sr
1037 988 1229 1062 uindices&
1248 992 1304 1062 tle-

273 1083 427 1184 fsusorss
445 1079 580 1157 dixisset
598 1081 803 1176 Eutropius,
828 1080 881 1152 bis
901 1081 997 1154 idem
1011 1081 1163 1158 distillet.
1188 1085 1303 1178 Jrus

282 1182 455 1279 Eutropio
476 1181 571 1252 idern
593 1177 753 1274 estquod
775 1176 1025 1346 Mapistratum
1049 1183 1139 1256 unde
1162 1183 1208 1258 de
1229 1189 1303 1258 Ae·

161 1327 163 1334 ,
283 1302 394 1382 gypso
412 1281 652 1352 Romanorum
672 1277 821 1370 imperio
853 1274 992 1369 ubjeeta
1007 1279 1142 1354 libris.
1167 1305 1244 1378 cap.
1264 1307 1299 1376 7.

283 1407 319 1476 p.
341 1387 422 1466 287.
474 1371 736 1468 Praeposttusque
757 1378 788 1446 u'
808 1375 865 1444 Cu.
885 1375 1048 1448 Cornelius
1067 1377 1191 1452 Gallus.
1217 1382 1301 1453 hunc

280 1481 421 1576 primum
435 1474 602 1568 Aegyptus
617 1472 796 1545 Romanum
807 1473 949 1567 juditam
965 1476 1089 1548 babuit.
1117 1477 1232 1648 Vm
1248 1480 1301 1576 ip·
1413 1479 1414 1482 ’

283 1583 357 1652 lum
382 1574 498 1646 lotum
518 1593 587 1643 non
607 1570 764 1666 neglexit
779 1591 924 1642 monere
938 1594 1111 1669 nunquam
1141 1575 1208 1649 atis
1226 1575 1300 1650 lau·

282 1671 416 1747 dandus
439 1667 530 1742 Fsid.
555 1667 757 1766 Sylburgius
782 1667 816 1742 in
840 1667 1055 1762 ludicesuo,
1079 1672 1139 1748 ubi
1159 1673 1301 1765 scribit,

283 1769 434 1846 eundem
457 1767 589 1854 citans,
616 1765 749 1858 Judeu,
774 1769 797 1836 ἰ.
825 1791 851 1840 s.
880 1767 1112 1862 Magistratus.
1134 1771 1301 1846 Similiter

282 1865 423 1946 Orosius
439 1888 495 1938 ιιι.
525 1886 578 1954 14.
604 1863 649 1936 de
666 1865 827 1959 Philippo
845 1861 882 1938 u
899 1865 1096 1944 Thebanis:
1123 1868 1300 1966 Pulsudu·

281 1971 397 2044 duma
424 1967 582 2066 civibus,
602 1966 636 2034 in
656 1967 800 2058 putrium
829 1960 993 2057 restituit:
1018 1971 1196 2063 exquibus
1222 1993 1298 2043 ccc.

280 2069 391 2141 exules
401 2065 529 2160 judices
549 2065 740 2154 testumque
753 2059 928 2154 praefecit.
954 2063 992 2136 (lc
1008 2067 1123 2160 saepe.
1160 2069 1299 2142 Praete-

280 2190 342 2240 tea
363 2184 435 2234 non
451 2157 557 2255 ipsos,
583 2177 621 2230 ut
642 2159 683 2232 ad
701 2159 879 2232 Tribunos
905 2158 1095 2250 reseratur,
1123 2163 1180 2235 sed
1202 2163 1297 2261 ipse,

278 2261 449 2337 relatione
466 2257 510 2328 ad
525 2257 715 2350 Populum,
740 2257 857 2330 omnia
874 2257 979 2330 MSS.
1005 2259 1236 2357 exemplaria,
1255 2261 1295 2336 &t

282 2360 438 2434 Graecus
456 2375 595 2448 quoque
609 2353 868 2448 Metaphrastes
883 2353 1015 2449 legunt.

333 2455 450 2554 Quum
466 2471 537 2523 non
555 2473 626 2524 uuo
642 2451 751 2524 modo
766 2452 892 2546 Capita
906 2453 940 2525 in
958 2451 1068 2526 Editis
1081 2451 1299 2552 distinguan-

283 2573 357 2640 tur,
382 2554 504 2624 Annae
524 2549 627 2622 Fabri
644 2548 902 2626 dillinslionem
922 2547 1057 2626 secutus
1073 2555 1144 2624 sum
1160 2555 1253 2652 quod
1271 2555 1302 2628 i·

281 2656 319 2730 bi
336 2649 460 2746 Capita
483 2648 636 2724 breviori
657 2649 787 2722 ambitu
802 2647 1149 2739 circumscribantur,
1172 2652 1300 2728 Index·

281 2777 350 2850 que
367 2749 564 2824 Verborum
584 2747 739 2820 omnium
760 2746 809 2818 illi
829 2747 1039 2842 potissimum
1058 2751 1174 2844 aptari
1187 2749 1303 2848 poffit.

281 2847 485 2928 Monendus
501 2863 683 2940 praeterea
698 2843 748 2916 est
763 2841 893 2932 leesor,
906 2843 1095 2940 saepillime
1111 2872 1220 2923 annos
1234 2853 1299 2923 Ur·

282 2952 337 3026 bis
361 2943 534 3020 Conditae
553 2941 624 3016 cicc.
649 2945 683 3016 in
704 2943 813 3016 Notis
833 2941 997 3018 Glareani
1015 2963 1119 3041 atque
1139 2949 1297 3020 Annaea

195 3041 200 3048 ’
281 3045 493 3123 seinvicem
515 3041 720 3138 discrepari3
743 3040 834 3134 quod
859 3041 984 3114 mirum
1005 3065 1073 3117 non
1099 3043 1168 3134 est,
1193 3067 1300 3137 quum

279 3141 400 3220 Fastos
425 3139 566 3214 eosdem
591 3161 661 3212 non
682 3157 805 3212 omnes
830 3139 1016 3233 sequantur
1036 3142 1300 3217 Commentato-

280 3268 356 3331 res,
384 3236 476 3312 unde
492 3259 605 3331 neque
621 3235 693 3331 ipse
714 3236 921 3332 Eutropium
939 3239 1066 3332 ubique
1079 3261 1181 3314 uuam
1191 3257 1298 3337 atque

282 3341 427 3416 eandem
457 3336 625 3429 temporis
654 3335 804 3432 sequitur
833 3339 1139 3430 supputat-ionem,
1174 3361 1303 3414 verum

281 3457 384 3534 prout
401 3435 620 3526 excerpserat
638 3431 834 3506 Historicos
851 3451 1012 3522 veteres,
1038 3459 1123 3532 quos
1146 3435 1302 3533 legerat,

281 3557 428 3633 quorum
455 3531 595 3628 quidam
619 3530 790 3606 Varronis
811 3553 1014 3625 computum
1042 3535 1299 3628 sequebantur,

282 3632 508 3718 aliialterius,
532 3629 579 3702 ita
597 3649 855 3725 nonnumquam
873 3652 987 3702 errare
1003 3630 1299 3726 deprehenditur,

283 3731 377 3830 quod
397 3751 501 3824 quum
529 3727 658 3822 ubique
684 3729 727 3798 ad
751 3749 899 3800 examen
924 3749 1113 3803 revocetur
1132 3732 1169 3805 in
1190 3731 1300 3804 Notis

283 3823 428 3903 lrouill.
456 3825 653 3914 Virorum,
690 3825 797 3900 semel
818 3823 941 3899 dixisse
963 3824 1121 3900 sufficiat.
1172 3829 1302 3904 Mortui

280 3926 434 4024 superius
465 3924 502 4001 in
534 3923 670 4026 Quarto
699 3923 781 4000 MS.
816 3921 1033 4020 Eutropiauo
1062 3927 1305 4097 Bibliothccpe

1180 4027 1297 4123 Lug.
