2918 4590
503 273 1130 352 DEDICATIONES

302 430 460 528 reliquae
482 453 604 505 omnes
627 425 803 503 Nationes
827 427 1008 503 hominurn
1024 429 1195 522 imperata
1210 425 1330 514 faeere

301 531 534 616 uidebuntur,
559 529 621 602 soli
642 527 835 614 Galliarum
851 528 993 621 populi,
1021 527 1056 601 se
1072 549 1144 600 nou
1161 526 1324 602 homibus

301 649 444 724 parere,
473 625 533 700 sed
554 627 648 699 veris
674 625 836 719 Regibus
858 627 917 721 qui
935 625 1051 699 Deum
1070 624 1105 698 io
1128 627 1229 699 terris
1246 627 1326 699 imi·

301 720 954 820 tentur‚obtemperare&fatebuntur
966 722 1004 800 ἃ
1019 724 1184 808 sentient,
1210 725 1329 820 Vale,

301 827 497 902 Dnurnrus
519 823 766 913 Ssnnssnur,
789 817 953 902 &Vivo

302 1057 306 1066 ,
336 997 464 1063 Luserr'u
482 994 656 1074 Pmfimm,

380 1073 609 1222 Idibuir⁶l8lzeqsmbs

395 1395 663 1500 sunan
704 1391 867 1502 Tau.
911 1395 1131 1500 nonar
1174 1402 1226 1508 r.

299 1641 350 1766 Ρ
424 1641 481 1766 R
556 1641 610 1766 A
679 1637 727 1764 Ε
797 1637 843 1764 F
905 1642 956 1763 Λ
1019 1637 1079 1763 Τ
1155 1638 1181 1759 l
1246 1645 1324 1769 Ο,

300 1897 444 2173 Ut
465 1901 575 1982 studia
598 1921 738 2000 optatos
762 1899 894 1976 sruslus
915 1900 1052 1991 serant,
1076 1900 1233 1978 Historia
1246 1903 1325 1978 Ro·

444 2025 547 2077 mana
564 2004 721 2098 apprime
737 2001 890 2076 tenenda
906 2001 977 2090 est,
1002 2002 1162 2104 adeoque
1184 2001 1326 2098 legendi

300 2101 337 2176 in
390 2100 495 2174 arinis
520 2103 662 2197 quidem
686 2101 791 2173 'l'itus
805 2100 947 2186 Livius,
973 2101 1142 2186 Tacitus,
1167 2099 1326 2175 Ammia-

298 2219 386 2286 nus3
410 2199 448 2270 ὅι
472 2201 507 2276 in
532 2197 677 2269 Graecis
695 2193 880 2291 Dionysius
902 2194 1195 2281 Halicarnasseus,
1222 2198 1323 2290 Poly.

301 2295 401 2377 bins,
428 2295 526 2366 Dion
541 2291 689 2365 Cassrus:
716 2293 784 2364 Sed
798 2293 879 2394 quia
897 2291 980 2362 illud
995 2309 1116 2363 tantae
1132 2294 1233 2364 molis
1255 2295 1326 2388 ess,

300 2409 343 2463 ut
366 2391 426 2462 vix
446 2388 523 2484 post
540 2391 665 2463 multos
688 2411 801 2462 annos
822 2387 989 2484 eaplieari
1009 2387 1133 2482 possit,
1158 2411 1325 2484 compen·

301 2487 404 2562 diosa
423 2486 596 2586 quaedam
617 2489 674 2562 via
693 2485 867 2580 sequenda
881 2485 942 2559 est.
968 2485 1110 2560 Praesto
1128 2488 1326 2583 surripitur

301 2586 446 2676 Florus,
472 2587 634 2661 Aurelius
655 2583 803 2676 vium,
825 2583 1034 2680 Eutropius,
1060 2607 1146 2682 quos
1169 2590 1324 2668 minores

300 2683 502 2760 Historieos
524 2685 633 2781 vulgo
652 2700 793 2757 vocant.
844 2683 985 2756 Florum
1000 2683 1142 2778 quidem
1154 2682 1320 2779 juventu·

301 2783 460 2858 siminus
476 2801 597 2878 aptum
612 2781 787 2872 arbitror,
804 2782 935 2877 quippe
951 2781 1008 2878 qui
1024 2804 1095 2854 oon
1112 2802 1182 2856 tam
1202 2781 1323 2855 Hillo-

301 2884 396 2956 ricus
411 2905 515 2980 quam
529 2881 678 2968 Orator,
705 2879 778 2954 slve
792 2881 1025 2977 Panegyrisla.
1076 2882 1241 2954 Aurelius
1256 2881 1324 2953 Vi·

216 3049 220 3052 .
301 2979 379 3056 sior
400 2979 599 3058 Historicus'
621 2979 762 3076 quidem
785 2979 959 3072 optimus,
985 2977 1042 3052 sed
1060 2980 1119 3074 qui
1132 2978 1324 3059 firmiorem

301 3099 457 3154 aetatem
477 3079 602 3175 poscit.
628 3079 704 3152 Via
720 3077 816 3151 enim
832 3077 933 3150 abiis
951 3075 1103 3171 intelligi
1119 3080 1252 3170 poterit
1264 3079 1325 3170 qui

300 3199 374 3252 non
387 3177 538 3280 aliquam
551 3175 735 3252 Historiae
748 3175 933 3248 Romanae
947 3174 1112 3248 notitiam
1124 3195 1209 3268 prae
1224 3174 1260 3247 se
1273 3173 1326 3249 fe·

301 3297 393 3352 rant.
419 3275 608 3369 Eutropius
626 3273 765 3366 reliquis
777 3270 1009 3366 praestantior
1024 3290 1326 3366 teneraequepue-

302 3395 421 3450 rorum
437 3375 546 3452 aetati
561 3370 849 3445 convenientior:
874 3389 953 3442 nam
968 3387 1210 3465 praetuquam
1231 3371 1327 3467 quod

229 3515 231 3525 ·
302 3469 383 3548 stilo
402 3476 506 3573 plano
521 3465 573 3544 est
587 3467 626 3554 ἀ
641 3466 758 3560 sacili,
781 3467 847 3542 etsr
863 3467 1071 3578 quandoque
1084 3469 1200 3541 minus
1215 3492 1326 3564 puro,

304 3589 466 3670 tempora
488 3569 611 3644 omnia
628 3584 793 3652 accurate
812 3584 933 3678 ponrt,
958 3589 1050 3663 quae
1063 3563 1087 3638 ss
1101 3569 1137 3641 io
1158 3567 1325 3642 Historiis

304 3673 550 3786 negligantur,
573 3668 637 3741 reli
664 3687 708 3738 ua
727 3685 848 3762 pmnra
871 3687 972 3777 ruere
992 3661 1031 3738 tir
1052 3683 1148 3738 retro
1171 3663 1327 3760 sublapsa

303 3763 600 3964 {siluisse
614 3762 1329 3973 l„nlfflllnllsslslllllllssi

303 3987 375 4056 rur.
422 3963 494 4040 Eos
513 3983 638 4044 omnes
655 3981 825 4058 uunpper
840 3983 899 4046 rue
914 3981 953 4040 an
969 3955 1080 4038 Usum
1093 3959 1333 4142 Susursfiqqa

338 4097 343 4110 ·
377 4107 382 4114 ·
1313 4090 1330 4141 r
