2918 4590
342 299 397 360 u
443 267 1083 372 nnnnnnnuontns.
1192 227 1219 362 J

191 439 268 522 ciue
289 431 520 531 praestatem,
543 437 616 506 'non
639 427 770 503 Graeci
787 429 919 519 modo,
944 433 1001 509 sed
1027 436 1135 512 etiam
1159 437 1230 513 nas

198 536 268 616 uini
290 549 428 619 textus,
456 551 559 628 quarn
586 531 724 621 optima
746 527 955 622 exemplaria
977 534 1065 609 mihi
1082 559 1227 632 compa·

201 632 311 714 aenda
322 629 492 726 judicavi.
537 627 725 702 Graecam·
739 646 826 726 ergo
848 628 1075 722 metaphrasrn
1093 635 1228 712 exstare

201 752 282 806 eum
302 751 348 803 ex
365 727 501 822 Sigonii
518 725 669 822 primunr
680 723 970 812 Commentariis,
994 727 1132 818 pollex
1156 737 1227 808 Cu.

204 829 288 903 ‘acii
309 823 627 904 observationibus
648 817 914 906 intellenillent,
939 823 1087 916 primum
1104 851 1147 900 ex
1161 834 1229 904 lta·

197 857 252 1002 iia
272 925 360 1000 mihi
383 945 462 998 eam
484 923 585 1019 petii.
636 918 779 993 Deinde
802 921 966 1014 quoniam
993 919 1153 998 distracta
1179 929 1230 1000 Si·

204 1025 306 1122 gonii
325 1021 539 1098 bibliotheca
566 1019 602 1094 id
632 1015 758 1092 frustra
788 1015 857 1092 elle
886 1019 1230 1113 animadvertebam,

203 1121 387 1198 solicitatis
414 1119 550 1194 Galliae
574 1115 830 1203 bibliothecis,
859 1116 1001 1190 tandem
1033 1141 1054 1191 e
1076 1118 1234 1214 locuple·

205 1219 337 1296 tilhmir
355 1217 529 1292 Francisci
545 1216 685 1290 Pithoei
705 1212 838 1289 scriniis
860 1216 1105 1312 apographum
1125 1219 1235 1314 irnpe-

203 1319 296 1391 travi
323 1339 391 1412 ope
417 1316 564 1414 Joannis
591 1313 796 1409 Opsopoei‚
821 1315 910 1410 qui,
936 1335 973 1387 ut
1002 1316 1036 1388 in
1059 1316 1157 1405 aliie,
1182 1319 1234 1393 ita

202 1411 311 1491 etiarn
332 1417 368 1490 in
389 1416 457 1490 hnc
477 1411 620 1490 tunore
642 1409 869 1487 lidellffimam
894 1413 982 1486 mihi
1006 1436 1152 1508 operam
1171 1439 1233 1490 na·

201 1515 312 1588 tavit.
352 1515 520 1588 Latinum
544 1533 631 1587 vero
653 1511 855 1604 exemplar,
879 1513 1058 1608 antiquum
1076 1513 1157 1588 sane
1177 1531 1233 1587 at-

198 1636 267 1708 que
284 1615 443 1707 optimae
466 1631 596 1696 notae,
621 1607 792 1681 Foldense
815 1608 1005 1704 collegium
1028 1613 1130 1685 nobis
1152 1615 1231 1710 sup·

199 1711 409 1804 peditavit,
440 1707 665 1782 intercell'ore
699 1707 897 1780 Balthalaro
920 1708 1117 1804 Vigando,
1150 1712 1230 1786 viro

205 1809 297 1902 reip.
325 1807 498 1879 literarine
517 1802 765 1878 studionffimo.
816 1806 962 1878 Latinus
983 1809 1090 1903 igitur
1112 1809 1228 1886 codex

200 1904 288 1993 ille,
314 1922 481 1998 quantum
504 1903 610 1976 nobis
629 1901 787 1976 attulerit
808 1903 1023 1995 adjumenti,
1050 1928 1129 1976 cum
1154 1909 1230 1982 edi·
1313 1973 1319 1984 ,

201 2003 255 2075 tio
282 2000 357 2094 ipsa
383 1999 548 2088 docebit,
577 2020 652 2070 tum
673 1999 798 2089 Notae
819 1997 976 2087 nostrae,
1000 2002 1082 2074 Deo
1106 2005 1229 2078 volen-

201 2119 259 2188 te,
285 2097 452 2194 prolixius
483 2096 722 2172 declarabunt.
778 2093 864 2170 Hoc
892 2095 974 2170 sane
1002 2119 1123 2172 verum
1148 2101 1228 2193 est,

200 2198 415 2274 immortales
434 2199 468 2270 ei
488 2194 663 2270 beneficio
685 2195 731 2266 ab
756 2193 920 2267 omnibus
939 2195 1061 2270 deberi
1085 2201 1227 2294 gratiae.-

198 2299 249 2370 At
276 2296 380 2394 longe
398 2295 481 2390 plus
505 2295 654 2368 Pithoeo
675 2291 842 2378 debetur,
868 2293 928 2390 qui
952 2310 1022 2368 tarn
1044 2297 1115 2370 rari
1138 2300 1226 2374 cari-

199 2417 269 2490 que
290 2393 443 2468 thesauri
467 2391 561 2466 usum
582 2391 724 2488 publice
745 2392 903 2464 omnium
930 2393 1059 2488 ubique
1080 2396 1226 2474 utilitati

197 2513 262 2590 per
281 2515 342 2565 noe
360 2509 481 2585 patere
498 2494 622 2565 voluit.
675 2493 732 2562 Ac
754 2487 921 2584 cupillenr
940 2493 1102 2588 quidem,
1128 2499 1225 2591 plura

197 2590 286 2663 mihi
312 2589 451 2662 aliunde
473 2587 737 2684 metaphraseoe
760 2586 855 2662 istius
879 2611 1083 2684 comparate
1103 2615 1223 2668 exem·

199 2687 320 2782 plania.
372 2687 441 2758 Sed
467 2687 547 2782 quia
568 2709 644 2758 earn
664 2708 799 2761 moram
818 2685 953 2781 aliquot
969 2710 1142 2762 annorum
1167 2689 1221 2764 fo-

198 2805 240 2858 re
259 2781 510 2880 providebam,
533 2783 589 2856 bie·
602 2781 760 2856 daturum
778 2804 836 2856 me
850 2784 958 2874 duxi,
979 2781 1006 2862 st
1026 2785 1146 2860 darem
1175 2790 1224 2862 ci·

197 2901 259 2970 to;
279 2879 489 2976 'praesertim
505 2903 586 2952 eum
604 2881 775 2954 incertum
791 2877 897 2970 effer,
923 2905 965 2956 an
986 2885 1148 2960 meliores
1170 2887 1222 2961 in·

195 3001 366 3069 venturus
391 2977 495 3053 ellem
520 2975 676 3052 codices.
724 2977 765 3053 ld
786 2999 874 3050 vero
896 2980 934 3052 in
954 2981 1075 3076 primia
1091 2983 1141 3056 est
1160 2987 1224 3059 do·

195 3079 360 3167 lendum,
386 3080 564 3172 exemplar
588 3075 686 3165 hoc,
717 3075 809 3174 quod
838 3075 979 3150 unicum
1002 3077 1053 3152 est
1076 3103 1223 3160 conces.
1306 3132 1314 3144 .

193 3179 290 3268 sum,
319 3179 426 3252 etiarn
444 3177 604 3250 mutilum
623 3173 746 3265 soille,
774 3177 809 3248 in
828 3175 945 3250 medio
965 3177 1136 3272 primurn,
1160 3181 1223 3254 de.

193 3279 279 3354 inde
296 3274 373 3378 post
391 3297 535 3373 parvam
555 3276 648 3349 illam
661 3277 858 3350 lacunulam
871 3329 881 3364 ‚
896 3299 984 3371 quae
1000 3273 1051 3350 est
1063 3277 1123 3352 lib.
1134 3279 1219 3355 Vll.

194 3373 303 3474 [cap.
324 3373 385 3473 2.]
413 3393 588 3448 extremas
613 3379 785 3470 paginas,
812 3389 883 3445 tres
911 3373 949 3448 dt
969 3375 1138 3467 amplius,
1163 3378 1221 3452 in·-

193 3473 326 3546 teriille
351 3491 455 3548 totae.
498 3473 706 3570 Optandum
722 3473 862 3570 insuper
878 3469 916 3546 dt
933 3474 1004 3548 hoc
1021 3471 1154 3565 suiffet,
1179 3494 1220 3551 ut

193 3571 443 3667 metaphrastes
476 3569 541 3645 iste
568 3571 693 3646 eadem
719 3571 851 3667 ubique
872 3571 1059 3668 diligentia
1084 3570 1122 3648 dt
1148 3575 1219 3652 fide

194 3667 426 3760 metaphrasrn
452 3667 687 3765 pertenuisset.
740 3669 807 3744 Sed
829 3689 868 3740 ut
897 3667 927 3746 ir
947 3670 1218 3766 aliquammultia
1250 3701 1252 3704 ·

195 3767 235 3842 in
254 3766 337 3842 locia
351 3767 506 3858 addidit,
518 3791 609 3864 quae
624 3767 786 3860 Eutropii
802 3767 918 3842 verbis
933 3767 1046 3844 lucem
1057 3761 1220 3866 ac'splen·

195 3863 319 3936 dorem
339 3863 507 3941 afferunt:
531 3869 583 3941 ita
600 3869 702 3963 saepe
719 3865 888 3950 inseruit,v
906 3889 994 3962 quae
1014 3871 1119 3963 plane
1139 3869 1219 3946 sunt
1259 3872 1260 3877 ‘

192 3961 373 4067 preriperet
396 3984 466 4040 non
484 3983 652 4068 uunquam
668 3963 776 4044 etiarn
793 3961 957 4046 historiae
969 3989 1088 4068 parter
1113 3969 1218 4064 plane

755 4063 826 4158 ’s
904 4175 907 4184 Δ
1138 4083 1291 4182 per..
