2918 4590
390 227 957 347 eurnrnrto.
1102 253 1193 324 xxi

212 399 299 510 er
315 420 422 480 -vcro
453 395 539 504 post
566 413 625 482 tot
654 391 815 480 diversus
831 392 1044 502 editiones,
1068 421 1189 510 quen,

150 511 288 616 ,paucis
319 511 512 616 exceptis,
538 505 659 592 oculis
689 507 783 590 meis
812 505 991 614 lustravi,
1021 511 1112 620 quid
1141 513 1186 600 in

142 623 226 720 ‚hac
250 619 434 706 Editione
459 647 482 704 a
510 645 573 714 me
602 617 820 730 praestitum
851 613 926 720 fit,
951 625 1047 710 ratio
1076 649 1183 712 nunc

152 733 350 818 reddenda
370 729 541 842 superest
597 731 772 838 Eutropii
792 729 979 834 lectione,
1006 736 1091 842 quia
1111 761 1181 847 per

151 869 301 932 tantam
321 872 513 933 annorum
533 845 701 930 feriente
724 839 895 928 Condita
922 841 1025 928 Urbe
1048 843 1096 928 ad
1119 849 1199 944 suc¹

152 983 275 1066 usque
301 980 475 1066 tempora
502 957 544 1044 in
578 955 684 1050 brevi
710 951 813 1068 quafi
837 953 975 1040 tabella
996 955 1181 1064 quidquid

149 1071 263 1180 Reip.
297 1073 496 1157 Romanae
521 1071 715 1176 evenerit,
751 1071 953 1178 ampiexus
982 1067 1059 1170 est,
1086 1071 1183 1164 mul-

150 1203 233 1267 tum
252 1183 395 1294 semper
413 1181 626 1279 delectato,
647 1200 690 1270 ut
707 1211 752 1283 eu
768 1184 912 1292 saepius
925 1183 1088 1291 repetita
1102 1207 1181 1273 ma-

149 1297 212 1405 gis
227 1299 390 1407 placuit,
420 1297 473 1383 ita
495 1294 665 1408 quotidie
692 1297 909 1402 evolvepti,
946 1318 1112 1404 cumque
1139 1321 1181 1380 a·

146 1413 231 1512 iiie,
261 1435 360 1520 quoe
377 1412 583 1519 plurimum
603 1409 778 1518 sequutus
804 1407 878 1492 fuit
899 1407 1055 1508 auster,
1083 1414 1180 1492 con'-

144 1519 280 1608 fereuti
299 1525 428 1631 plures
446 1519 688 1630 conjecturae
709 1519 753 1606 &
784 1515 1070 1606 emendationes
1095 1520 1178 1607 sub·

146 1633 458 1735 natae-fuerunt,
485 1657 527 1722 ut
545 1635 702 1722 tandem
730 1637 955 1748 (propterea
977 1629 1082 1742 quod
1096 1633 1177 1722 Ha·

145 1750 412 1855 vercampiuna
433 1745 632 1834 desiderati
658 1745 862 1858 coeperet)
890 1742 940 1830 ad
960 1771 1102 1830 novam
1125 1747 1176 1832 E·

146 1853 333 1950 ditionem
364 1862 538 1946 animum
564 1857 776 1964 adjecerim.
831 1855 954 1964 Quod
974 1853 1174 1944 consilium

146 1993 234 2052 cum
261 1970 325 2055 Fr.
346 1968 633 2080 Oudendorpio
660 1971 763 2054 Viro
787 1971 848 2054 Ci.
866 1987 1111 2076 praeceptore
1130 1996 1174 2052 o·

144 2081 211 2164 lim
245 2079 566 2186 honoratiffimo,
602 2097 643 2164 at
675 2106 781 2166 nunt
809 2103 899 2162 meo
926 2077 1177 2188 omniumque
1288 2086 1290 2094 ’

142 2191 335 2280 bonorum
364 2189 581 2299 defiderio,
620 2189 665 2278 oc
690 2217 802 2304 quem
828 2211 942 2278 antea
968 2188 1174 2302 quamdam

139 2304 318 2418 Eutropii
337 2327 486 2417 partem
503 2309 648 2414 summe
665 2331 754 2393 cum
765 2307 963 2414 voluptate
977 2305 1171 2414 explican-

138 2437 218 2504 tem
241 2419 485 2524 audiveram'‚
515 2445 634 2530 quum
650 2413 1019 2518 communicassem,
1047 2419 1183 2504 calcar·

134 2533 306 2628 currenti
335 2531 496 2620 subdens
520 2529 742 2641 Editinnern
771 2527 1167 2642 Havercrmpia'nam,

132 2637 190 2727 nd
207 2649 314 2749 cujus
332 2669 438 2730 oram
460 2643 647 2730 Codiceur
670 2637 892 2728 Leidensem
909 2643 1020 2750 prim.
1033 2663 1167 2728 contu.

133 2759 259 2856 leret,
282 2751 373 2838 mihi
394 2755 558 2858 obtulit,
576 2758 826 2863 monuitque,
840 2781 890 2840 ne
907 2757 947 2838 in
962 2755 1167 2862 hujueViri

131 2868 196 2956 Cl.
211 2865 454 2951 Variantium
474 2867 704 2952 lectionum
723 2863 939 2950 recensione
958 2867 1167 2974 adquiesce·

129 3005 240 3094 rem,
269 2980 333 3063 sed
350 3001 497 3066 ceteros
508 2975 673 3066 Codices
692 2979 766 3086 ipse
784 2975 913 3064 denuo
933 2977 1164 3079 conferrem,

132 3089 383 3200 quodquam
411 3089 653 3190 neceffutium
684 3087 804 3194 effet,
851 3093 1021 3176 conlatio
1051 3091 1163 3198 primi

133 3202 291 3291 Codicis
309 3203 535 3292 ostenderet.
595 3205 731 3308 Parui,
758 3230 831 3291 nec
847 3199 936 3289 faui
956 3204 1160 3310 poenituit;

132 3312 211 3401 hnc
246 3319 350 3402 enim
389 3319 521 3431 egenti
557 3317 631 3403 Vir
661 3319 744 3406 Cel.
777 3327 885 3420 cujus
923 3317 1071 3424 alipqui¹
1098 3339 1159 3400 me

135 3449 319 3531 qnantum
338 3429 520 3518 doctioris
538 3427 680 3518 famam
699 3431 741 3520 δι
757 3433 891 3524 merita
910 3429 1087 3542 suspicio,
1113 3427 1158 3516 d‘c

133 3564 320 3640 veneror,
349 3541 451 3632 eliud
472 3543 562 3655 quid
585 3544 699 3659 egiiie
718 3543 813 3630 visun
834 3541 911 3648 est,
940 3569 1057 3652 quum
1077 3541 1157 3631 Co.-

130 3649 241 3744 dicee
268 3658 352 3742 illos
379 3659 619 3760 contulerit,
654 3655 681 3742 ii
710 3655 865 3766 quidem
899 3655 1085 3756 contulit,
1115 3650 1158 3754 de

132 3789 221 3848 nnn
240 3764 306 3850 trist
324 3771 431 3875 loca,
461 3789 504 3858 ut
521 3771 704 3881 suspicor,
734 3769 939 3880 depravata
957 3769 1017 3854 vel
1042 3763 1158 3866 dubia

131 3877 317 3994 inspexit:
346 3909 441 3992 quae
472 3881 593 3990 ctufft
621 3881 701 3985 est,
730 3911 821 3994 cur,
848 3883 902 3970 uti
929 3908 996 3972 eos
1014 3875 1158 3976 ¹denuo

639 4002 741 4107 uz
1070 4015 1167 4076 ωτι·
