2908 4576
499 261 1116 346 DEDICATIONES

300 418 527 500 madverterit
543 419 611 492 Vir
627 440 767 502 eorum,
790 415 851 510 qui
872 414 973 510 supra
993 416 1180 490 humanam
1199 418 1321 492 condi·

300 525 437 594 tionem
455 519 558 592 bonis
578 521 708 594 artibus
730 513 1007 588 exercitatissimi
1031 517 1129 602 sunt,
1153 513 1319 590 facillime

299 622 482 716 princeps;
507 613 630 708 majori
653 635 735 684 cura
756 633 860 705 atque
883 611 1048 686 industria
1069 613 1157 687 mihi
1178 614 1319 688 manda·

300 715 378 801 vit,
402 737 439 787 ut
456 712 660 808 propediem
678 731 897 792 accurarem,
924 732 993 804 quo
1010 712 1220 784 Euenorrus
1237 736 1322 786 curn

300 815 453 888 Puerum
470 808 678 902 transtatione
696 809 823 880 Graeca
842 806 1106 880 ex‘instaurato
1124 806 1239 882 nostro
1264 824 1322 904 ty·

299 908 503 1005 pograpbeo
529 907 672 980 nitidius
695 904 874 999 prodiret:
901 927 1013 1002 neque
1033 904 1230 992 sumtibus,
1253 929 1323 978 nec

300 1029 430 1102 operae
451 1008 639 1102 pepercit,
664 1026 734 1098 quo
757 1001 843 1076 nihil
866 1001 954 1076 mibi
974 1003 1135 1104 deesset,
1160 1004 1253 1101 quod
1276 1005 1322 1076 ad

300 1105 393 1178 hanc
408 1126 537 1176 novam
552 1103 746 1176 editionem
760 1097 925 1173 conferre
941 1102 1137 1176 videbatur.
1186 1102 1247 1174 Ne
1262 1126 1322 1174 au·

301 1223 375 1276 tem
391 1203 449 1275 Te
468 1200 601 1296 fugiat,
626 1199 801 1274 benevole
815 1197 962 1288 Lestor,
987 1197 1114 1295 quibus
1131 1199 1322 1274 adminicu-

287 1297 342 1374 'lis
359 1297 488 1372 suffulti
513 1299 580 1370 boc
597 1297 944 1392 opussqualecunque
969 1297 1113 1393 aggreffi
1133 1297 1322 1387 fuerimus,

299 1399 454 1492 ingenue
472 1395 644 1483 fatemur,
667 1397 790 1468 MStos
805 1395 967 1481 codices,
991 1393 1184 1492 quanquam
1202 1391 1239 1468 dt
1261 1397 1324 1468 ho·

299 1517 379 1568 rum
394 1495 469 1588 spes
489 1494 659 1590 quaedam
677 1490 872 1581 affulserat,
896 1494 998 1565 nobis
1016 1515 1136 1566 omnes
1150 1490 1321 1568 defuisse:

301 1615 369 1666 nec
384 1609 501 1668 tamen
517 1589 615 1664 credi
630 1613 650 1663 a
664 1611 838 1685 quoquam
855 1589 1015 1663 volumus
1025 1641 1036 1678 ,
1046 1588 1117 1662 stne
1132 1591 1321 1664 MStorum

301 1711 377 1786 ope.
389 1689 482 1763 hanc
498 1687 648 1762 nostram
666 1688 860 1762 editionem
876 1687 1078 1786 castigatam
1093 1687 1133 1763 dt
1148 1692 1323 1762 emacula·

297 1809 373 1860 eam
390 1785 469 1862 etse.
496 1791 582 1861 Cum
597 1788 691 1861 enim
707 1788 802 1860 Elias
814 1786 953 1858 Vmerus
967 1785 1323 1882 observaverit,quae

301 1884 559 1982 Burdegalensrs
581 1883 696 1958 codes
719 1884 899 1980 singularia
914 1884 1064 1972 habeat,
1088 1885 1195 1959 etiam
1212 1885 1322 1962 Frin-

299 1987 387 2058 ritus
404 1985 594 2080 Sylburgius
615 1984 820 2056 Fuidensem
844 1979 1113 2078 antiquiffimum
1137 1983 1262 2057 librum
1284 1985 1321 2058 in

300 2083 370 2157 suis
384 2081 492 2156 Notis
508 2081 762 2156 enucleaverit:
772 2103 840 2154 nec
855 2103 925 2154 non
934 2083 1097 2154 Antonius
1106 2083 1322 2170 Scbonoot'ur,

299 2177 339 2252 dt
353 2180 412 2271 qui
425 2179 518 2251 hunc
535 2179 669 2252 secutus
684 2177 753 2265 est,
780 2177 900 2250 Paulus
917 2180 1070 2266 Merula,
1096 2178 1321 2254 Gandeusem

199 2292 202 2301 ’
300 2277 465 2348 codicem
479 2274 538 2348 sua
553 2275 711 2348 editione
726 2275 973 2369 expresserint:
996 2276 1117 2350 horum
1132 2277 1252 2350 labore
1266 2295 1322 2348 at·

301 2395 369 2467 que
384 2369 551 2446 industria
565 2393 635 2444 non
654 2395 773 2467 parum
789 2395 853 2446 nos
868 2371 1069 2470 profecisse,
1085 2369 1174 2447 infra
1189 2373 1225 2447 in
1242 2373 1321 2446 Va·

299 2469 430 2544 riarum
457 2468 664 2544 Lesiionum
692 2471 856 2568 catalogo
886 2469 1106 2546 manifestum
1135 2469 1319 2546 faciemus.

300 2571 414 2661 Saepe
434 2569 540 2642 etiam
558 2569 688 2641 auxilio
706 2571 809 2642 nobis
829 2571 987 2642 Gruterus
1004 2568 1093 2659 suit,
1119 2572 1179 2666 qui
1195 2591 1238 2644 ex
1255 2571 1323 2644 Pa·

301 2665 410 2739 latino
432 2666 556 2740 codice
573 2667 768 2740 Miscellam
788 2667 979 2741 Historiam
1005 2667 1172 2765 (quaein
1197 2669 1323 2763 priori·

185 2809 189 2816 -
301 2765 365 2838 bus
379 2765 475 2837 libris
491 2764 601 2856 ipsum
618 2765 778 2857 Eutropii
797 2765 1009 2839 breviarium
1030 2765 1101 2852 est,
1127 2763 1186 2841 sed
1204 2767 1322 2840 multis

299 2861 548 2936 accessionibus
564 2863 811 2954 interpolatum
829 2861 864 2936 dt
882 2859 1134 2963 incrustatum)
1158 2866 1323 2936 emenda·

298 2961 374 3049 vit,
398 2958 437 3033 dt
452 2982 530 3032 curn
551 2960 626 3034 aliis
642 2959 821 3034 Historiae
841 2959 1021 3056 Augustae
1043 2963 1265 3057 scriptoribus
1285 2961 1324 3035 in

301 3057 416 3131 locem
432 3056 554 3131 emisit.
581 3060 722 3132 Praeter
736 3059 800 3132 hos
816 3058 930 3132 excusi
946 3059 1022 3132 libri
1039 3057 1201 3148 suerunt,
1224 3058 1323 3155 iique

300 3153 542 3248 antiquiffimi,
565 3157 625 3250 qui
647 3156 791 3230 dubium
816 3159 973 3230 animum
993 3155 1196 3248 firmarent,
1219 3155 1325 3253 saepe

301 3251 454 3326 &nostri
470 3253 574 3325 seculi
588 3254 684 3326 libris
698 3277 767 3326 non
782 3255 946 3350 exiguam
960 3256 1074 3328 iucem
1086 3245 1324 3330 affunderent.

301 3351 354 3422 Er
380 3350 475 3424 hisce
496 3351 640 3424 nomino
664 3354 793 3424 Nitriai
810 3354 985 3426 Mailiardt'
1007 3353 1203 3428 editionem
1225 3351 1325 3426 Pars·

293 3443 450 3542 fienstm,
476 3469 572 3520 anno
590 3469 714 3524 nnxrrr
740 3469 980 3546 procuratam:
1006 3447 1044 3524 dt
1059 3451 1202 3524 alteram
1217 3449 1325 3524 Vene-

301 3559 393 3632 tam,
418 3567 511 3618 auno
532 3567 636 3618 rruxx
657 3571 677 3620 a
698 3546 830 3638 Jtanne
851 3545 1002 3644 Baptista
1023 3550 1169 3644 Egnatio
1190 3547 1326 3645 expoli-

301 3657 386 3712 tam.
440 3642 477 3715 ln
497 3645 617 3736 primis
636 3665 752 3720 autem
771 3647 866 3720 Elias
886 3645 1003 3719 Vintto
1025 3643 1220 3736 debemus,
1244 3645 1326 3741 qui,

302 3735 459 3810 abscissis
482 3741 579 3816 Pausi
601 3743 758 3818 Diaconi
782 3743 1061 3831 additamentis,
1083 3765 1130 3819 ex
1148 3741 1328 3841 burdega-

302 3833 385 3912 lensi
408 3835 558 3925 codice,
590 3839 866 3934 pristinonitori
889 3839 1051 3934 Eutropii
1072 3839 1329 3934 compendium

303 3929 472 4012 restituit:
497 3935 595 4034 cujus
611 3937 864 4042 prim'geoiam
878 3936 1095 4039 editionem,
1119 3937 1332 4116 Pistaovffl
