<?xml version="1.0" encoding="UTF-8"?>
<!DOCTYPE html PUBLIC "-//W3C//DTD XHTML 1.0 Transitional//EN"
    "http://www.w3.org/TR/xhtml1/DTD/xhtml1-transitional.dtd">
<html xmlns="http://www.w3.org/1999/xhtml" xml:lang="en" lang="en">
 <head>
  <title>
</title>
<meta http-equiv="Content-Type" content="text/html;charset=utf-8" />
  <meta name='ocr-system' content='tesseract 3.04.00' />
  <meta name='ocr-capabilities' content='ocr_page ocr_carea ocr_par ocr_line ocrx_word'/>
</head>
<body>
  <div class='ocr_page' id='page_1' title='image "./eutropiibreviar02verhgoog/eutropiibreviar02verhgoog_0110.png"; bbox 0 0 2878 4570; ppageno 0'>
   <div class='ocr_carea' id='block_1_1' title="bbox 507 235 1053 312">
    <p class='ocr_par' dir='ltr' id='par_1_1' title="bbox 507 235 1053 312">
     <span class='ocr_line' id='line_1_1' title="bbox 507 235 1053 312; baseline -0.004 0"><span class='ocrx_word' id='word_1_1' title='bbox 507 235 1053 312; x_wconf 77' lang='lat' dir='ltr'><strong>TESTIMONIA.</strong></span> 
     </span>
    </p>
   </div>
   <div class='ocr_carea' id='block_1_2' title="bbox 203 384 1353 4032">
    <p class='ocr_par' dir='ltr' id='par_1_2' title="bbox 203 384 1353 3897">
     <span class='ocr_line' id='line_1_2' title="bbox 272 384 1292 492; baseline 0.003 -23"><span class='ocrx_word' id='word_1_2' title='bbox 272 417 352 470; x_wconf 86' lang='lat' dir='ltr'>eum</span> <span class='ocrx_word' id='word_1_3' title='bbox 376 393 440 466; x_wconf 89' lang='lat' dir='ltr'>alia</span> <span class='ocrx_word' id='word_1_4' title='bbox 463 389 659 492; x_wconf 82' lang='lat' dir='ltr'><strong>quaedam,</strong></span> <span class='ocrx_word' id='word_1_5' title='bbox 692 387 819 462; x_wconf 89' lang='lat' dir='ltr'>eodem</span> <span class='ocrx_word' id='word_1_6' title='bbox 840 384 954 479; x_wconf 86' lang='lat' dir='ltr'>teste,</span> <span class='ocrx_word' id='word_1_7' title='bbox 984 407 1059 464; x_wconf 92' lang='lat' dir='ltr'>tum</span> <span class='ocrx_word' id='word_1_8' title='bbox 1082 390 1292 472; x_wconf 82' lang='lat' dir='ltr'>breviarium</span> 
     </span>
     <span class='ocr_line' id='line_1_3' title="bbox 270 485 1293 588; baseline 0 -20"><span class='ocrx_word' id='word_1_9' title='bbox 270 490 401 588; x_wconf 85' lang='lat' dir='ltr'>scripsit</span> <span class='ocrx_word' id='word_1_10' title='bbox 422 513 533 564; x_wconf 92' lang='lat' dir='ltr'>rernm</span> <span class='ocrx_word' id='word_1_11' title='bbox 555 489 792 560; x_wconf 86' lang='lat' dir='ltr'>Romanarum</span> <span class='ocrx_word' id='word_1_12' title='bbox 814 489 869 560; x_wconf 87' lang='lat' dir='ltr'>ab.</span> <span class='ocrx_word' id='word_1_13' title='bbox 889 487 939 560; x_wconf 90' lang='lat' dir='ltr'>V.</span> <span class='ocrx_word' id='word_1_14' title='bbox 958 485 997 558; x_wconf 80' lang='lat' dir='ltr'>C&#39;.</span> <span class='ocrx_word' id='word_1_15' title='bbox 1023 511 1131 586; x_wconf 89' lang='lat' dir='ltr'>usque</span> <span class='ocrx_word' id='word_1_16' title='bbox 1153 491 1196 562; x_wconf 90' lang='lat' dir='ltr'>ad</span> <span class='ocrx_word' id='word_1_17' title='bbox 1219 495 1293 568; x_wconf 77' lang='lat' dir='ltr'>Fla·</span> 
     </span>
     <span class='ocr_line' id='line_1_4' title="bbox 270 581 1291 680; baseline 0 -15"><span class='ocrx_word' id='word_1_18' title='bbox 270 593 370 664; x_wconf 80' lang='lat' dir='ltr'>vium</span> <span class='ocrx_word' id='word_1_19' title='bbox 392 590 578 660; x_wconf 86' lang='lat' dir='ltr'>Valentem</span> <span class='ocrx_word' id='word_1_20' title='bbox 598 583 817 680; x_wconf 78' lang='lat' dir='ltr'>Augustum,</span> <span class='ocrx_word' id='word_1_21' title='bbox 842 583 899 658; x_wconf 90' lang='lat' dir='ltr'>cui</span> <span class='ocrx_word' id='word_1_22' title='bbox 918 581 956 658; x_wconf 72' lang='grc' dir='ltr'><strong>ἃ</strong></span> <span class='ocrx_word' id='word_1_23' title='bbox 976 609 1062 680; x_wconf 79' lang='lat' dir='ltr'>opus</span> <span class='ocrx_word' id='word_1_24' title='bbox 1083 585 1291 670; x_wconf 85' lang='lat' dir='ltr'>suumdica·</span> 
     </span>
     <span class='ocr_line' id='line_1_5' title="bbox 270 679 1293 780; baseline 0.001 -17"><span class='ocrx_word' id='word_1_25' title='bbox 270 683 338 763; x_wconf 83' lang='lat' dir='ltr'>vit.</span> <span class='ocrx_word' id='word_1_26' title='bbox 390 682 554 758; x_wconf 88' lang='lat' dir='ltr'>Militalse</span> <span class='ocrx_word' id='word_1_27' title='bbox 573 679 675 758; x_wconf 87' lang='lat' dir='ltr'>sealt</span> <span class='ocrx_word' id='word_1_28' title='bbox 693 686 751 757; x_wconf 91' lang='lat' dir='ltr'>sub</span> <span class='ocrx_word' id='word_1_29' title='bbox 769 683 928 780; x_wconf 89' lang='lat' dir='ltr'>Juliann,</span> <span class='ocrx_word' id='word_1_30' title='bbox 954 702 1059 779; x_wconf 90' lang='lat' dir='ltr'>atque</span> <span class='ocrx_word' id='word_1_31' title='bbox 1075 687 1293 780; x_wconf 81' lang='lat' dir='ltr'>expeditioni</span> 
     </span>
     <span class='ocr_line' id='line_1_6' title="bbox 270 777 1293 884; baseline 0 -24"><span class='ocrx_word' id='word_1_32' title='bbox 270 789 345 884; x_wconf 75' lang='lat' dir='ltr'>ejus</span> <span class='ocrx_word' id='word_1_33' title='bbox 365 787 399 856; x_wconf 90' lang='lat' dir='ltr'>in</span> <span class='ocrx_word' id='word_1_34' title='bbox 422 783 537 856; x_wconf 77' lang='lat' dir='ltr'>Persas</span> <span class='ocrx_word' id='word_1_35' title='bbox 560 777 766 855; x_wconf 85' lang='lat' dir='ltr'>interfuisse.</span> <span class='ocrx_word' id='word_1_36' title='bbox 819 781 901 881; x_wconf 89' lang='lat' dir='ltr'>Quo</span> <span class='ocrx_word' id='word_1_37' title='bbox 921 777 958 853; x_wconf 78' lang='lat' dir='ltr'>tit</span> <span class='ocrx_word' id='word_1_38' title='bbox 979 782 1156 875; x_wconf 84' lang='lat' dir='ltr'>pertinent</span> <span class='ocrx_word' id='word_1_39' title='bbox 1180 787 1293 860; x_wconf 86' lang='lat' dir='ltr'>verba</span> 
     </span>
     <span class='ocr_line' id='line_1_7' title="bbox 272 877 1292 977; baseline 0 -19"><span class='ocrx_word' id='word_1_40' title='bbox 272 883 418 977; x_wconf 84' lang='lat' dir='ltr'>Georgi-i</span> <span class='ocrx_word' id='word_1_41' title='bbox 435 880 563 955; x_wconf 81' lang='lat' dir='ltr'>Cadini</span> <span class='ocrx_word' id='word_1_42' title='bbox 580 881 616 952; x_wconf 90' lang='lat' dir='ltr'>in</span> <span class='ocrx_word' id='word_1_43' title='bbox 633 877 779 954; x_wconf 63' lang='lat' dir='ltr'>selectis</span> <span class='ocrx_word' id='word_1_44' title='bbox 794 879 839 950; x_wconf 89' lang='lat' dir='ltr'>de</span> <span class='ocrx_word' id='word_1_45' title='bbox 864 887 883 936; x_wconf 77' lang='lat'>4</span> <span class='ocrx_word' id='word_1_46' title='bbox 903 880 1109 976; x_wconf 82' lang='lat' dir='ltr'>Originibus</span> <span class='ocrx_word' id='word_1_47' title='bbox 1124 879 1292 958; x_wconf 89' lang='lat' dir='ltr'>Constan-</span> 
     </span>
     <span class='ocr_line' id='line_1_8' title="bbox 269 972 1294 1074; baseline 0 -18"><span class='ocrx_word' id='word_1_48' title='bbox 269 979 599 1074; x_wconf 87' lang='lat' dir='ltr'>stantinopolitanis.</span> <span class='ocrx_word' id='word_1_49' title='bbox 652 972 791 1050; x_wconf 89' lang='lat' dir='ltr'>Laudat</span> <span class='ocrx_word' id='word_1_50' title='bbox 805 999 891 1050; x_wconf 91' lang='lat' dir='ltr'>vero</span> <span class='ocrx_word' id='word_1_51' title='bbox 906 999 986 1050; x_wconf 78' lang='lat' dir='ltr'>eum</span> <span class='ocrx_word' id='word_1_52' title='bbox 1002 977 1126 1052; x_wconf 91' lang='lat' dir='ltr'>testem</span> <span class='ocrx_word' id='word_1_53' title='bbox 1142 981 1176 1054; x_wconf 90' lang='lat' dir='ltr'>in</span> <span class='ocrx_word' id='word_1_54' title='bbox 1193 985 1294 1056; x_wconf 81' lang='lat' dir='ltr'>rebus</span> 
     </span>
     <span class='ocr_line' id='line_1_9' title="bbox 268 1073 1353 1172; baseline 0 -20"><span class='ocrx_word' id='word_1_55' title='bbox 268 1075 486 1164; x_wconf 82' lang='lat' dir='ltr'>Constantini</span> <span class='ocrx_word' id='word_1_56' title='bbox 504 1076 651 1172; x_wconf 83' lang='lat' dir='ltr'>Magni,</span> <span class='ocrx_word' id='word_1_57' title='bbox 674 1097 763 1168; x_wconf 91' lang='lat' dir='ltr'>quae</span> <span class='ocrx_word' id='word_1_58' title='bbox 778 1075 890 1148; x_wconf 89' lang='lat' dir='ltr'>oculis</span> <span class='ocrx_word' id='word_1_59' title='bbox 907 1074 972 1147; x_wconf 88' lang='lat' dir='ltr'>suis</span> <span class='ocrx_word' id='word_1_60' title='bbox 993 1075 1115 1151; x_wconf 82' lang='lat' dir='ltr'>vidisse</span> <span class='ocrx_word' id='word_1_61' title='bbox 1132 1101 1212 1150; x_wconf 91' lang='lat' dir='ltr'>eum</span> <span class='ocrx_word' id='word_1_62' title='bbox 1231 1083 1292 1154; x_wconf 86' lang='lat' dir='ltr'>ait.</span> <span class='ocrx_word' id='word_1_63' title='bbox 1340 1073 1353 1086; x_wconf 76' lang='lat'><em>&#39;</em></span> 
     </span>
     <span class='ocr_line' id='line_1_10' title="bbox 264 1171 1293 1276; baseline 0.001 -25"><span class='ocrx_word' id='word_1_64' title='bbox 264 1179 389 1276; x_wconf 71' lang='lat' dir='ltr'>Atque</span> <span class='ocrx_word' id='word_1_65' title='bbox 413 1199 458 1248; x_wconf 87' lang='lat' dir='ltr'>ex</span> <span class='ocrx_word' id='word_1_66' title='bbox 475 1175 528 1247; x_wconf 84' lang='lat' dir='ltr'>his</span> <span class='ocrx_word' id='word_1_67' title='bbox 544 1195 642 1268; x_wconf 89' lang='lat' dir='ltr'>patet</span> <span class='ocrx_word' id='word_1_68' title='bbox 659 1193 755 1246; x_wconf 88' lang='lat' dir='ltr'>error</span> <span class='ocrx_word' id='word_1_69' title='bbox 769 1173 963 1246; x_wconf 84' lang='lat' dir='ltr'>Ptolomaei</span> <span class='ocrx_word' id='word_1_70' title='bbox 990 1171 1232 1275; x_wconf 85' lang='lat' dir='ltr'>[Lucensrs,]</span> <span class='ocrx_word' id='word_1_71' title='bbox 1255 1177 1293 1252; x_wconf 81' lang='lat' dir='ltr'>dt</span> 
     </span>
     <span class='ocr_line' id='line_1_11' title="bbox 268 1269 1294 1372; baseline 0.001 -24"><span class='ocrx_word' id='word_1_72' title='bbox 268 1276 373 1372; x_wconf 88' lang='lat' dir='ltr'>hujus</span> <span class='ocrx_word' id='word_1_73' title='bbox 395 1276 430 1346; x_wconf 90' lang='lat' dir='ltr'>se</span> <span class='ocrx_word' id='word_1_74' title='bbox 454 1269 663 1344; x_wconf 74' lang='lat' dir='ltr'>ausloritate</span> <span class='ocrx_word' id='word_1_75' title='bbox 684 1273 815 1342; x_wconf 82' lang='lat' dir='ltr'>tuentis</span> <span class='ocrx_word' id='word_1_76' title='bbox 836 1271 1023 1364; x_wconf 73' lang='lat' dir='ltr'>Rapbas&#39;lis</span> <span class='ocrx_word' id='word_1_77' title='bbox 1046 1271 1294 1364; x_wconf 83' lang='lat' dir='ltr'>Volaterrani,</span> 
     </span>
     <span class='ocr_line' id='line_1_12' title="bbox 269 1365 1293 1468; baseline 0.001 -22.949"><span class='ocrx_word' id='word_1_78' title='bbox 269 1377 328 1468; x_wconf 88' lang='lat' dir='ltr'>qui</span> <span class='ocrx_word' id='word_1_79' title='bbox 354 1369 561 1466; x_wconf 85' lang='lat' dir='ltr'>Eutropium</span> <span class='ocrx_word' id='word_1_80' title='bbox 588 1369 683 1443; x_wconf 89' lang='lat' dir='ltr'>hunc</span> <span class='ocrx_word' id='word_1_81' title='bbox 706 1365 806 1442; x_wconf 88' lang='lat' dir='ltr'>fuisse</span> <span class='ocrx_word' id='word_1_82' title='bbox 829 1386 996 1465; x_wconf 91' lang='lat' dir='ltr'>putarunt</span> <span class='ocrx_word' id='word_1_83' title='bbox 1019 1370 1226 1464; x_wconf 88' lang='lat' dir='ltr'>discipulum</span> <span class='ocrx_word' id='word_1_84' title='bbox 1253 1377 1293 1446; x_wconf 85' lang='lat' dir='ltr'>B.</span> 
     </span>
     <span class='ocr_line' id='line_1_13' title="bbox 266 1463 1293 1568; baseline 0.001 -24"><span class='ocrx_word' id='word_1_85' title='bbox 266 1467 466 1564; x_wconf 85' lang='lat' dir='ltr'>Augustini.</span> <span class='ocrx_word' id='word_1_86' title='bbox 519 1467 621 1568; x_wconf 87' lang='lat' dir='ltr'>Quae</span> <span class='ocrx_word' id='word_1_87' title='bbox 633 1465 670 1539; x_wconf 80' lang='lat' dir='ltr'>dt</span> <span class='ocrx_word' id='word_1_88' title='bbox 687 1467 859 1540; x_wconf 89' lang='lat' dir='ltr'>sententia</span> <span class='ocrx_word' id='word_1_89' title='bbox 873 1465 923 1541; x_wconf 86' lang='lat' dir='ltr'>esl</span> <span class='ocrx_word' id='word_1_90' title='bbox 941 1463 1107 1555; x_wconf 88' lang='lat' dir='ltr'>Gesneri,</span> <span class='ocrx_word' id='word_1_91' title='bbox 1132 1467 1169 1541; x_wconf 78' lang='lat' dir='ltr'>dr</span> <span class='ocrx_word' id='word_1_92' title='bbox 1185 1468 1293 1546; x_wconf 89' lang='lat' dir='ltr'>Eisrn·</span> 
     </span>
     <span class='ocr_line' id='line_1_14' title="bbox 266 1561 1294 1666; baseline 0.006 -29"><span class='ocrx_word' id='word_1_93' title='bbox 266 1567 373 1666; x_wconf 86' lang='lat' dir='ltr'>grinii</span> <span class='ocrx_word' id='word_1_94' title='bbox 383 1618 397 1657; x_wconf 96' lang='lat'>,</span> <span class='ocrx_word' id='word_1_95' title='bbox 422 1562 461 1639; x_wconf 73' lang='lat' dir='ltr'>dt</span> <span class='ocrx_word' id='word_1_96' title='bbox 477 1565 660 1640; x_wconf 89' lang='lat' dir='ltr'>Theodori</span> <span class='ocrx_word' id='word_1_97' title='bbox 675 1565 866 1658; x_wconf 86' lang='lat' dir='ltr'>Zuingeri,</span> <span class='ocrx_word' id='word_1_98' title='bbox 882 1564 1031 1638; x_wconf 88' lang='lat' dir='ltr'>Theatri</span> <span class='ocrx_word' id='word_1_99' title='bbox 1047 1561 1096 1638; x_wconf 91' lang='lat' dir='ltr'>sui</span> <span class='ocrx_word' id='word_1_100' title='bbox 1112 1569 1294 1643; x_wconf 83' lang='lat' dir='ltr'>volumine</span> 
     </span>
     <span class='ocr_line' id='line_1_15' title="bbox 265 1661 1294 1760; baseline -0.003 -19"><span class='ocrx_word' id='word_1_101' title='bbox 265 1667 336 1742; x_wconf 87' lang='lat' dir='ltr'>Vl.</span> <span class='ocrx_word' id='word_1_102' title='bbox 363 1664 442 1738; x_wconf 89' lang='lat' dir='ltr'>Lib.</span> <span class='ocrx_word' id='word_1_103' title='bbox 460 1665 507 1736; x_wconf 92' lang='lat' dir='ltr'>ll.</span> <span class='ocrx_word' id='word_1_104' title='bbox 524 1665 578 1738; x_wconf 80' lang='lat' dir='ltr'>ad</span> <span class='ocrx_word' id='word_1_105' title='bbox 604 1663 692 1738; x_wconf 86' lang='lat' dir='ltr'>baec</span> <span class='ocrx_word' id='word_1_106' title='bbox 712 1661 889 1738; x_wconf 88' lang='lat' dir='ltr'>Possevini</span> <span class='ocrx_word' id='word_1_107' title='bbox 910 1662 946 1738; x_wconf 91' lang='lat' dir='ltr'>in</span> <span class='ocrx_word' id='word_1_108' title='bbox 968 1665 1148 1760; x_wconf 88' lang='lat' dir='ltr'>Apparatu</span> <span class='ocrx_word' id='word_1_109' title='bbox 1174 1665 1294 1760; x_wconf 84' lang='lat' dir='ltr'>sucro,</span> 
     </span>
     <span class='ocr_line' id='line_1_16' title="bbox 263 1761 1295 1860; baseline -0.003 -21"><span class='ocrx_word' id='word_1_110' title='bbox 263 1783 370 1860; x_wconf 90' lang='lat' dir='ltr'>atque</span> <span class='ocrx_word' id='word_1_111' title='bbox 385 1763 543 1837; x_wconf 89' lang='lat' dir='ltr'>aliorum.</span> <span class='ocrx_word' id='word_1_112' title='bbox 569 1765 610 1835; x_wconf 93' lang='lat' dir='ltr'>ln</span> <span class='ocrx_word' id='word_1_113' title='bbox 630 1786 785 1835; x_wconf 90' lang='lat' dir='ltr'>errorem</span> <span class='ocrx_word' id='word_1_114' title='bbox 799 1783 925 1856; x_wconf 89' lang='lat' dir='ltr'>omnes</span> <span class='ocrx_word' id='word_1_115' title='bbox 939 1785 998 1834; x_wconf 88' lang='lat' dir='ltr'>eos</span> <span class='ocrx_word' id='word_1_116' title='bbox 1016 1761 1180 1857; x_wconf 87' lang='lat' dir='ltr'>impulit,</span> <span class='ocrx_word' id='word_1_117' title='bbox 1200 1765 1295 1860; x_wconf 91' lang='lat' dir='ltr'>quod</span> 
     </span>
     <span class='ocr_line' id='line_1_17' title="bbox 266 1859 1294 1958; baseline -0.002 -20"><span class='ocrx_word' id='word_1_118' title='bbox 266 1862 470 1938; x_wconf 83' lang='lat' dir='ltr'>Gennadius</span> <span class='ocrx_word' id='word_1_119' title='bbox 486 1861 520 1934; x_wconf 93' lang='lat' dir='ltr'>in</span> <span class='ocrx_word' id='word_1_120' title='bbox 536 1859 715 1935; x_wconf 89' lang='lat' dir='ltr'>illustrium</span> <span class='ocrx_word' id='word_1_121' title='bbox 728 1861 894 1934; x_wconf 88' lang='lat' dir='ltr'>Virorum</span> <span class='ocrx_word' id='word_1_122' title='bbox 908 1861 1071 1958; x_wconf 87' lang='lat' dir='ltr'>catalogo</span> <span class='ocrx_word' id='word_1_123' title='bbox 1085 1861 1294 1957; x_wconf 87' lang='lat' dir='ltr'>Eutropium</span> 
     </span>
     <span class='ocr_line' id='line_1_18' title="bbox 265 1957 1293 2059; baseline 0.001 -24"><span class='ocrx_word' id='word_1_124' title='bbox 265 1961 440 2059; x_wconf 77' lang='lat' dir='ltr'>quendam</span> <span class='ocrx_word' id='word_1_125' title='bbox 456 1957 607 2047; x_wconf 89' lang='lat' dir='ltr'>referat,</span> <span class='ocrx_word' id='word_1_126' title='bbox 631 1959 760 2058; x_wconf 88' lang='lat' dir='ltr'>dequo</span> <span class='ocrx_word' id='word_1_127' title='bbox 778 1960 870 2032; x_wconf 89' lang='lat' dir='ltr'>hunc</span> <span class='ocrx_word' id='word_1_128' title='bbox 886 1959 923 2032; x_wconf 90' lang='lat' dir='ltr'>in</span> <span class='ocrx_word' id='word_1_129' title='bbox 942 1960 1087 2034; x_wconf 89' lang='lat' dir='ltr'>modum</span> <span class='ocrx_word' id='word_1_130' title='bbox 1103 1963 1193 2054; x_wconf 88' lang='lat' dir='ltr'>apud</span> <span class='ocrx_word' id='word_1_131' title='bbox 1212 1985 1293 2036; x_wconf 86' lang='lat' dir='ltr'>eum</span> 
     </span>
     <span class='ocr_line' id='line_1_19' title="bbox 260 2056 1293 2157; baseline -0.003 -22"><span class='ocrx_word' id='word_1_132' title='bbox 260 2060 408 2157; x_wconf 88' lang='lat' dir='ltr'>legitur:</span> <span class='ocrx_word' id='word_1_133' title='bbox 436 2109 463 2148; x_wconf 92' lang='lat'>„</span> <span class='ocrx_word' id='word_1_134' title='bbox 487 2059 677 2150; x_wconf 88' lang='lat' dir='ltr'>Eutropius</span> <span class='ocrx_word' id='word_1_135' title='bbox 693 2060 875 2152; x_wconf 81' lang='lat' dir='ltr'>presbyter</span> <span class='ocrx_word' id='word_1_136' title='bbox 893 2056 1025 2150; x_wconf 77' lang='lat' dir='ltr'>scripsit</span> <span class='ocrx_word' id='word_1_137' title='bbox 1041 2059 1085 2132; x_wconf 87' lang='lat' dir='ltr'>ad</span> <span class='ocrx_word' id='word_1_138' title='bbox 1101 2060 1184 2132; x_wconf 91' lang='lat' dir='ltr'>duas</span> <span class='ocrx_word' id='word_1_139' title='bbox 1199 2058 1293 2132; x_wconf 88' lang='lat' dir='ltr'>soro·</span> 
     </span>
     <span class='ocr_line' id='line_1_20' title="bbox 263 2154 1291 2250; baseline 0.003 -22"><span class='ocrx_word' id='word_1_140' title='bbox 263 2211 293 2250; x_wconf 88' lang='lat'>„</span> <span class='ocrx_word' id='word_1_141' title='bbox 314 2181 391 2242; x_wconf 88' lang='lat' dir='ltr'>res,</span> <span class='ocrx_word' id='word_1_142' title='bbox 416 2156 558 2229; x_wconf 84' lang='lat' dir='ltr'>ancillas</span> <span class='ocrx_word' id='word_1_143' title='bbox 582 2154 729 2241; x_wconf 89' lang='lat' dir='ltr'>Christi,</span> <span class='ocrx_word' id='word_1_144' title='bbox 754 2177 845 2249; x_wconf 90' lang='lat' dir='ltr'>quae</span> <span class='ocrx_word' id='word_1_145' title='bbox 869 2155 915 2226; x_wconf 93' lang='lat' dir='ltr'>ob</span> <span class='ocrx_word' id='word_1_146' title='bbox 940 2154 1166 2228; x_wconf 86' lang='lat' dir='ltr'>devotionem</span> <span class='ocrx_word' id='word_1_147' title='bbox 1191 2159 1291 2248; x_wconf 88' lang='lat' dir='ltr'>pudi-</span> 
     </span>
     <span class='ocr_line' id='line_1_21' title="bbox 263 2249 1292 2348; baseline 0.006 -24"><span class='ocrx_word' id='word_1_148' title='bbox 263 2307 293 2348; x_wconf 85' lang='lat'><strong>„</strong></span> <span class='ocrx_word' id='word_1_149' title='bbox 315 2254 441 2340; x_wconf 84' lang='lat' dir='ltr'>ciriae,</span> <span class='ocrx_word' id='word_1_150' title='bbox 467 2250 680 2326; x_wconf 85' lang='lat' dir='ltr'>&amp;amorem</span> <span class='ocrx_word' id='word_1_151' title='bbox 699 2251 898 2348; x_wconf 86' lang='lat' dir='ltr'>religionis,</span> <span class='ocrx_word' id='word_1_152' title='bbox 924 2249 1157 2324; x_wconf 79' lang='lat' dir='ltr'>exheredatae</span> <span class='ocrx_word' id='word_1_153' title='bbox 1174 2257 1250 2326; x_wconf 89' lang='lat' dir='ltr'>sunt</span> <span class='ocrx_word' id='word_1_154' title='bbox 1270 2256 1292 2330; x_wconf 78' lang='lat' dir='ltr'>dt</span> 
     </span>
     <span class='ocr_line' id='line_1_22' title="bbox 263 2345 1291 2446; baseline 0.003 -24"><span class='ocrx_word' id='word_1_155' title='bbox 263 2403 291 2444; x_wconf 95' lang='lat'><strong>„</strong></span> <span class='ocrx_word' id='word_1_156' title='bbox 316 2348 543 2446; x_wconf 84' lang='lat' dir='ltr'>parentibus,</span> <span class='ocrx_word' id='word_1_157' title='bbox 568 2345 728 2439; x_wconf 88' lang='lat' dir='ltr'>epistolas</span> <span class='ocrx_word' id='word_1_158' title='bbox 744 2347 778 2422; x_wconf 93' lang='lat' dir='ltr'>in</span> <span class='ocrx_word' id='word_1_159' title='bbox 796 2346 939 2420; x_wconf 87' lang='lat' dir='ltr'>mudum</span> <span class='ocrx_word' id='word_1_160' title='bbox 959 2347 1152 2422; x_wconf 89' lang='lat' dir='ltr'>libellorum</span> <span class='ocrx_word' id='word_1_161' title='bbox 1170 2355 1291 2425; x_wconf 90' lang='lat' dir='ltr'>conso·</span> 
     </span>
     <span class='ocr_line' id='line_1_23' title="bbox 262 2443 1287 2544; baseline 0.003 -25"><span class='ocrx_word' id='word_1_162' title='bbox 262 2500 293 2541; x_wconf 90' lang='lat'><strong>„</strong></span> <span class='ocrx_word' id='word_1_163' title='bbox 320 2448 487 2534; x_wconf 90' lang='lat' dir='ltr'>latorias‚</span> <span class='ocrx_word' id='word_1_164' title='bbox 514 2443 727 2544; x_wconf 86' lang='lat' dir='ltr'>eleganti&amp;</span> <span class='ocrx_word' id='word_1_165' title='bbox 751 2465 874 2539; x_wconf 87' lang='lat' dir='ltr'>aperto</span> <span class='ocrx_word' id='word_1_166' title='bbox 899 2445 1058 2519; x_wconf 83' lang='lat' dir='ltr'>sermone</span> <span class='ocrx_word' id='word_1_167' title='bbox 1080 2446 1189 2535; x_wconf 85' lang='lat' dir='ltr'>duas,</span> <span class='ocrx_word' id='word_1_168' title='bbox 1217 2473 1287 2527; x_wconf 87' lang='lat' dir='ltr'>non</span> 
     </span>
     <span class='ocr_line' id='line_1_24' title="bbox 262 2543 1289 2640; baseline 0.003 -21"><span class='ocrx_word' id='word_1_169' title='bbox 262 2601 288 2635; x_wconf 90' lang='lat'>,‚</span> <span class='ocrx_word' id='word_1_170' title='bbox 314 2546 423 2619; x_wconf 91' lang='lat' dir='ltr'>solum</span> <span class='ocrx_word' id='word_1_171' title='bbox 437 2545 594 2626; x_wconf 82' lang='lat' dir='ltr'>ratione,</span> <span class='ocrx_word' id='word_1_172' title='bbox 610 2543 668 2618; x_wconf 91' lang='lat' dir='ltr'>sed</span> <span class='ocrx_word' id='word_1_173' title='bbox 685 2545 791 2618; x_wconf 89' lang='lat' dir='ltr'>etiam</span> <span class='ocrx_word' id='word_1_174' title='bbox 809 2543 1017 2618; x_wconf 88' lang='lat' dir='ltr'>testimoniis</span> <span class='ocrx_word' id='word_1_175' title='bbox 1032 2546 1289 2640; x_wconf 67' lang='lat' dir='ltr'>scripturorum</span> 
     </span>
     <span class='ocr_line' id='line_1_25' title="bbox 260 2640 1288 2742; baseline 0.003 -25"><span class='ocrx_word' id='word_1_176' title='bbox 260 2699 288 2739; x_wconf 92' lang='lat'><strong>„</strong></span> <span class='ocrx_word' id='word_1_177' title='bbox 312 2647 464 2717; x_wconf 88' lang='lat' dir='ltr'>munitas</span> <span class='ocrx_word' id='word_1_178' title='bbox 487 2640 508 2670; x_wconf 77' lang='lat'>’³</span> <span class='ocrx_word' id='word_1_179' title='bbox 559 2642 729 2716; x_wconf 87' lang='lat' dir='ltr'>Meminit</span> <span class='ocrx_word' id='word_1_180' title='bbox 753 2661 872 2716; x_wconf 89' lang='lat' dir='ltr'>autem</span> <span class='ocrx_word' id='word_1_181' title='bbox 892 2642 966 2733; x_wconf 81' lang='lat' dir='ltr'>ejus</span> <span class='ocrx_word' id='word_1_182' title='bbox 987 2643 1190 2718; x_wconf 86' lang='lat' dir='ltr'>Gennadius</span> <span class='ocrx_word' id='word_1_183' title='bbox 1211 2647 1288 2742; x_wconf 75' lang='lat' dir='ltr'>poli</span> 
     </span>
     <span class='ocr_line' id='line_1_26' title="bbox 259 2739 1289 2840; baseline -0.002 -20"><span class='ocrx_word' id='word_1_184' title='bbox 259 2739 518 2840; x_wconf 84' lang='lat' dir='ltr'>Augustinum,</span> <span class='ocrx_word' id='word_1_185' title='bbox 538 2739 722 2828; x_wconf 72' lang='lat' dir='ltr'>orosium,</span> <span class='ocrx_word' id='word_1_186' title='bbox 746 2742 845 2825; x_wconf 78' lang='lat' dir='ltr'>alios.</span> <span class='ocrx_word' id='word_1_187' title='bbox 873 2742 982 2818; x_wconf 88' lang='lat' dir='ltr'>Hunc</span> <span class='ocrx_word' id='word_1_188' title='bbox 998 2743 1047 2816; x_wconf 92' lang='lat' dir='ltr'>illi</span> <span class='ocrx_word' id='word_1_189' title='bbox 1064 2741 1134 2816; x_wconf 89' lang='lat' dir='ltr'>else</span> <span class='ocrx_word' id='word_1_190' title='bbox 1151 2747 1289 2819; x_wconf 79' lang='lat' dir='ltr'>brevia·</span> 
     </span>
     <span class='ocr_line' id='line_1_27' title="bbox 260 2837 1287 2940; baseline -0.002 -22"><span class='ocrx_word' id='word_1_191' title='bbox 260 2840 303 2918; x_wconf 89' lang='lat' dir='ltr'>rii</span> <span class='ocrx_word' id='word_1_192' title='bbox 320 2841 524 2936; x_wconf 90' lang='lat' dir='ltr'>scriptorem</span> <span class='ocrx_word' id='word_1_193' title='bbox 541 2839 774 2914; x_wconf 87' lang='lat' dir='ltr'>crediderunt.</span> <span class='ocrx_word' id='word_1_194' title='bbox 810 2837 880 2912; x_wconf 85' lang='lat' dir='ltr'>Sed</span> <span class='ocrx_word' id='word_1_195' title='bbox 896 2859 1056 2937; x_wconf 86' lang='lat' dir='ltr'>tempora</span> <span class='ocrx_word' id='word_1_196' title='bbox 1071 2861 1287 2940; x_wconf 87' lang='lat' dir='ltr'>repugnant,</span> 
     </span>
     <span class='ocr_line' id='line_1_28' title="bbox 261 2935 1288 3035; baseline 0 -20"><span class='ocrx_word' id='word_1_197' title='bbox 261 2967 343 3016; x_wconf 92' lang='lat' dir='ltr'>cum</span> <span class='ocrx_word' id='word_1_198' title='bbox 362 2935 482 3012; x_wconf 74' lang='lat' dir='ltr'>auctor</span> <span class='ocrx_word' id='word_1_199' title='bbox 502 2937 692 3022; x_wconf 80' lang='lat' dir='ltr'>breviarii,</span> <span class='ocrx_word' id='word_1_200' title='bbox 720 2935 958 3025; x_wconf 85' lang='lat' dir='ltr'>Constantini,</span> <span class='ocrx_word' id='word_1_201' title='bbox 983 2939 1058 3035; x_wconf 88' lang='lat' dir='ltr'>ejus</span> <span class='ocrx_word' id='word_1_202' title='bbox 1075 2939 1288 3030; x_wconf 88' lang='lat' dir='ltr'>liberorum,</span> 
     </span>
     <span class='ocr_line' id='line_1_29' title="bbox 259 3033 1289 3136; baseline 0.001 -24"><span class='ocrx_word' id='word_1_203' title='bbox 259 3037 408 3136; x_wconf 72' lang='lat' dir='ltr'>Iuliani,</span> <span class='ocrx_word' id='word_1_204' title='bbox 428 3037 593 3130; x_wconf 86' lang='lat' dir='ltr'>Joviani‚</span> <span class='ocrx_word' id='word_1_205' title='bbox 617 3033 655 3108; x_wconf 77' lang='lat' dir='ltr'>dt</span> <span class='ocrx_word' id='word_1_206' title='bbox 672 3037 835 3111; x_wconf 88' lang='lat' dir='ltr'>Valentis</span> <span class='ocrx_word' id='word_1_207' title='bbox 850 3039 1064 3133; x_wconf 89' lang='lat' dir='ltr'>temporibus</span> <span class='ocrx_word' id='word_1_208' title='bbox 1080 3039 1226 3111; x_wconf 81' lang='lat' dir='ltr'>vixerit:</span> <span class='ocrx_word' id='word_1_209' title='bbox 1251 3060 1289 3113; x_wconf 88' lang='lat' dir='ltr'>at</span> 
     </span>
     <span class='ocr_line' id='line_1_30' title="bbox 259 3133 1290 3224; baseline -0.002 -14"><span class='ocrx_word' id='word_1_210' title='bbox 259 3161 331 3224; x_wconf 84' lang='lat' dir='ltr'>non</span> <span class='ocrx_word' id='word_1_211' title='bbox 351 3141 438 3211; x_wconf 89' lang='lat' dir='ltr'>item</span> <span class='ocrx_word' id='word_1_212' title='bbox 458 3133 639 3222; x_wconf 88' lang='lat' dir='ltr'>Gratiani,</span> <span class='ocrx_word' id='word_1_213' title='bbox 666 3155 727 3208; x_wconf 90' lang='lat' dir='ltr'>aut</span> <span class='ocrx_word' id='word_1_214' title='bbox 748 3133 964 3216; x_wconf 82' lang='lat' dir='ltr'>Theodossi;</span> <span class='ocrx_word' id='word_1_215' title='bbox 990 3136 1109 3208; x_wconf 84' lang='lat' dir='ltr'>saltem</span> <span class='ocrx_word' id='word_1_216' title='bbox 1131 3157 1202 3208; x_wconf 88' lang='lat' dir='ltr'>non</span> <span class='ocrx_word' id='word_1_217' title='bbox 1221 3137 1290 3208; x_wconf 86' lang='lat' dir='ltr'>Ar-</span> 
     </span>
     <span class='ocr_line' id='line_1_31' title="bbox 259 3227 1290 3330; baseline -0.003 -20"><span class='ocrx_word' id='word_1_218' title='bbox 259 3237 372 3323; x_wconf 88' lang='lat' dir='ltr'>cadii,</span> <span class='ocrx_word' id='word_1_219' title='bbox 396 3231 435 3306; x_wconf 76' lang='lat' dir='ltr'>dt</span> <span class='ocrx_word' id='word_1_220' title='bbox 451 3229 621 3307; x_wconf 88' lang='lat' dir='ltr'>Honorii:</span> <span class='ocrx_word' id='word_1_221' title='bbox 647 3251 685 3304; x_wconf 91' lang='lat' dir='ltr'>ut</span> <span class='ocrx_word' id='word_1_222' title='bbox 701 3231 897 3328; x_wconf 87' lang='lat' dir='ltr'>Augustino</span> <span class='ocrx_word' id='word_1_223' title='bbox 911 3227 980 3306; x_wconf 82' lang='lat' dir='ltr'>else</span> <span class='ocrx_word' id='word_1_224' title='bbox 990 3232 1108 3328; x_wconf 86' lang='lat' dir='ltr'>junior</span> <span class='ocrx_word' id='word_1_225' title='bbox 1124 3255 1192 3304; x_wconf 91' lang='lat' dir='ltr'>non</span> <span class='ocrx_word' id='word_1_226' title='bbox 1209 3255 1290 3330; x_wconf 90' lang='lat' dir='ltr'>pos·</span> 
     </span>
     <span class='ocr_line' id='line_1_32' title="bbox 259 3327 1285 3424; baseline 0 -18"><span class='ocrx_word' id='word_1_227' title='bbox 259 3333 312 3407; x_wconf 91' lang='lat' dir='ltr'>srt.</span> <span class='ocrx_word' id='word_1_228' title='bbox 364 3333 513 3404; x_wconf 85' lang='lat' dir='ltr'>Adlraec</span> <span class='ocrx_word' id='word_1_229' title='bbox 532 3329 588 3402; x_wconf 91' lang='lat' dir='ltr'>ille</span> <span class='ocrx_word' id='word_1_230' title='bbox 607 3327 794 3404; x_wconf 88' lang='lat' dir='ltr'>Gennadio</span> <span class='ocrx_word' id='word_1_231' title='bbox 812 3351 1024 3404; x_wconf 88' lang='lat' dir='ltr'>memoratus</span> <span class='ocrx_word' id='word_1_232' title='bbox 1042 3334 1227 3424; x_wconf 88' lang='lat' dir='ltr'>presbyter</span> <span class='ocrx_word' id='word_1_233' title='bbox 1248 3356 1285 3406; x_wconf 93' lang='lat' dir='ltr'>e·</span> 
     </span>
     <span class='ocr_line' id='line_1_33' title="bbox 203 3426 1288 3526; baseline -0.001 -23"><span class='ocrx_word' id='word_1_234' title='bbox 203 3492 205 3503; x_wconf 94' lang='lat'><em>.</em></span> <span class='ocrx_word' id='word_1_235' title='bbox 260 3449 332 3505; x_wconf 88' lang='lat' dir='ltr'>rat:</span> <span class='ocrx_word' id='word_1_236' title='bbox 358 3447 395 3506; x_wconf 89' lang='lat' dir='ltr'>at</span> <span class='ocrx_word' id='word_1_237' title='bbox 411 3430 472 3504; x_wconf 79' lang='lat' dir='ltr'>laic</span> <span class='ocrx_word' id='word_1_238' title='bbox 492 3451 534 3502; x_wconf 91' lang='lat' dir='ltr'>an</span> <span class='ocrx_word' id='word_1_239' title='bbox 554 3426 767 3504; x_wconf 83' lang='lat' dir='ltr'>Christianus</span> <span class='ocrx_word' id='word_1_240' title='bbox 784 3427 912 3517; x_wconf 89' lang='lat' dir='ltr'>suerit,</span> <span class='ocrx_word' id='word_1_241' title='bbox 936 3427 1063 3503; x_wconf 89' lang='lat' dir='ltr'>merito</span> <span class='ocrx_word' id='word_1_242' title='bbox 1079 3431 1288 3526; x_wconf 81' lang='lat' dir='ltr'>ambigitur,</span> 
     </span>
     <span class='ocr_line' id='line_1_34' title="bbox 260 3525 1286 3637; baseline 0.001 -36"><span class='ocrx_word' id='word_1_243' title='bbox 260 3551 342 3601; x_wconf 93' lang='lat' dir='ltr'>cum</span> <span class='ocrx_word' id='word_1_244' title='bbox 367 3530 515 3602; x_wconf 88' lang='lat' dir='ltr'>reticeat</span> <span class='ocrx_word' id='word_1_245' title='bbox 537 3525 813 3600; x_wconf 88' lang='lat' dir='ltr'>Christianorum</span> <span class='ocrx_word' id='word_1_246' title='bbox 839 3527 1100 3622; x_wconf 87' lang='lat' dir='ltr'>persecutiones</span> <span class='ocrx_word' id='word_1_247' title='bbox 1119 3527 1163 3599; x_wconf 92' lang='lat' dir='ltr'>X.</span> <span class='ocrx_word' id='word_1_248' title='bbox 1189 3553 1231 3637; x_wconf 71' lang='lat' dir='ltr'>ap</span> <span class='ocrx_word' id='word_1_249' title='bbox 1250 3530 1286 3602; x_wconf 92' lang='lat' dir='ltr'>in</span> 
     </span>
     <span class='ocr_line' id='line_1_35' title="bbox 259 3623 1287 3724; baseline 0.008 -30"><span class='ocrx_word' id='word_1_250' title='bbox 259 3624 415 3724; x_wconf 86' lang='lat' dir='ltr'>Joviano</span> <span class='ocrx_word' id='word_1_251' title='bbox 441 3645 562 3724; x_wconf 91' lang='lat' dir='ltr'>aperte</span> <span class='ocrx_word' id='word_1_252' title='bbox 585 3623 727 3698; x_wconf 88' lang='lat' dir='ltr'>suadeat</span> <span class='ocrx_word' id='word_1_253' title='bbox 749 3623 943 3720; x_wconf 89' lang='lat' dir='ltr'>perfidiam.</span> <span class='ocrx_word' id='word_1_254' title='bbox 995 3626 1078 3698; x_wconf 88' lang='lat' dir='ltr'>Scio</span> <span class='ocrx_word' id='word_1_255' title='bbox 1101 3623 1194 3713; x_wconf 84' lang='lat' dir='ltr'>elle,</span> <span class='ocrx_word' id='word_1_256' title='bbox 1227 3627 1287 3724; x_wconf 90' lang='lat' dir='ltr'>qui</span> 
     </span>
     <span class='ocr_line' id='line_1_36' title="bbox 259 3719 1287 3897; baseline -0.002 -100"><span class='ocrx_word' id='word_1_257' title='bbox 259 3721 493 3798; x_wconf 85' lang='lat' dir='ltr'>Christianum</span> <span class='ocrx_word' id='word_1_258' title='bbox 510 3719 611 3799; x_wconf 82' lang='lat' dir='ltr'>suiffe</span> <span class='ocrx_word' id='word_1_259' title='bbox 627 3723 798 3822; x_wconf 87' lang='lat' dir='ltr'>colligant</span> <span class='ocrx_word' id='word_1_260' title='bbox 813 3723 963 3816; x_wconf 88' lang='lat' dir='ltr'>exinde,</span> <span class='ocrx_word' id='word_1_261' title='bbox 977 3725 1070 3823; x_wconf 85' lang='lat' dir='ltr'>quod</span> <span class='ocrx_word' id='word_1_262' title='bbox 1087 3727 1131 3802; x_wconf 88' lang='lat' dir='ltr'>de</span> <span class='ocrx_word' id='word_1_263' title='bbox 1147 3725 1287 3897; x_wconf 72' lang='lat' dir='ltr'>julisano</span> 
     </span>
    </p>

    <p class='ocr_par' dir='ltr' id='par_1_3' title="bbox 412 3839 1287 3898">
     <span class='ocr_line' id='line_1_37' title="bbox 412 3839 1287 3898; baseline 0 -16"><span class='ocrx_word' id='word_1_264' title='bbox 412 3839 415 3848; x_wconf 72' lang='lat'><strong>¹</strong></span> <span class='ocrx_word' id='word_1_265' title='bbox 470 3857 489 3882; x_wconf 58' lang='grc' dir='ltr'>κ</span> <span class='ocrx_word' id='word_1_266' title='bbox 1223 3845 1287 3898; x_wconf 70' lang='lat'><strong>01¹1·</strong></span> 
     </span>
    </p>

    <p class='ocr_par' dir='ltr' id='par_1_4' title="bbox 295 3951 508 4032">
     <span class='ocr_line' id='line_1_38' title="bbox 295 3951 508 4032; baseline 0.005 -16"><span class='ocrx_word' id='word_1_267' title='bbox 295 3951 508 4032; x_wconf 76' lang='lat' dir='ltr'>4Vldesupra.</span> 
     </span>
    </p>
   </div>
   <div class='ocr_carea' id='block_1_3' title="bbox 0 0 1444 4570">
    <p class='ocr_par' dir='ltr' id='par_1_5' title="bbox 0 0 1444 4570">
     <span class='ocr_line' id='line_1_39' title="bbox 0 0 1444 4570; baseline 0 0"><span class='ocrx_word' id='word_1_268' title='bbox 0 0 1444 4570; x_wconf 95' lang='lat' dir='ltr'> </span> 
     </span>
    </p>
   </div>
  </div>
 </body>
</html>
