2918 4590
347 267 403 361 ni
451 268 1086 363 unnet'nutomns.

239 549 652 658 stonuuntos
680 509 1191 694 nnvnneunpffi
1272 609 1277 618 .

656 801 701 880 Ia
749 803 785 878 S.

256 1042 280 1094 u
304 1017 476 1114 Eutropio
502 1013 723 1092 emendando
750 1009 901 1111 quatuor
923 1017 1021 1092 libris
1049 1019 1151 1094 MSS.
1185 1023 1231 1096 ufi

184 1183 187 1188 .
269 1121 409 1206 sumus,
433 1139 519 1214 quos
540 1135 664 1190 omnes
685 1115 903 1192 Bibliotheca
926 1111 1235 1214 Lugduno-Bata'·

204 1241 254 1292 va
268 1215 522 1312 suppeditavit,
548 1215 746 1313 iisque-non
765 1215 1061 1304 contemnendis,
1084 1239 1234 1314 quorum

206 1315 409 1410 praesertim
435 1314 565 1386 Primus
588 1311 804 1386 avetustate
823 1311 894 1386 sese
918 1317 1172 1404 commendat,
1196 1341 1235 1388 u·

205 1435 252 1488 na
276 1435 357 1486 cum
380 1410 570 1486 Hiucmati
591 1407 756 1504 Epistoiis
778 1409 815 1482 in
840 1413 1060 1488 Membranit
1086 1413 1234 1510 scriptus
1300 1423 1305 1432 ’

207 1531 413 1609 quartanam
430 1510 592 1584 ‘formam
619 1507 857 1596 habentibus,
890 1509 930 1585 dt
957 1533 1141 1604 praeterea
1169 1537 1232 1609 po·

199 1633 279 1684 rum
307 1612 495 1682 continent
529 1608 764 1701 Eutropium,
807 1609 917 1684 nullut
948 1611 1059 1684 Paoiii
1100 1613 1232 1704 Diaco-

202 1709 241 1782 ni
274 1705 684 1800 intermixtir'iiteptiit3
710 1704 817 1780 Unde
843 1729 949 1802 quum
986 1710 1137 1808 reliquos
1167 1733 1231 1782 uu·

202 1803 313 1877 merit
340 1801 408 1874 suit
450 1800 697 1889 distinximus,
730 1801 790 1874 hic
824 1811 961 1877 tantum
1006 1809 1119 1904 Lugd.
1149 1809 1229 1901 bar.

180 1917 183 1922 “
204 1899 243 1974 in
262 1897 373 1972 variit
390 1899 618 1974 Lectionibus
638 1897 756 1988 paffim
772 1898 924 1988 dicitur,
949 1901 1010 1975 nist
1026 1906 1070 1978 de
1091 1907 1232 2001 reliquis

206 1995 306 2069 srmul
321 1995 384 2068 fiat
404 1996 554 2070 mentio.
605 1997 1000 2071 Secundus-Chartaceus
1019 2003 1054 2072 in
1072 1999 1112 2072 i0.
1133 2023 1232 2096 prae·

204 2113 262 2169 ter
283 2095 445 2189 Eutropii
467 2092 624 2168 iibeiiurn
646 2093 713 2166 alie
739 2091 848 2206 muita
870 2093 1003 2184 habet,
1029 2096 1123 2171 Livii
1148 2099 1232 2192 Epi·

156 2221 159 2231 ·
204 2207 338 2282 tomas,
366 2192 520 2268 Cornelii
542 2191 700 2286 Nepotis
724 2211 815 2265 vitat
832 2193 948 2288 ¹impp.
968 2193 1117 2272 Saliustii
1138 2197 1232 2268 Cati·

198 2291 308 2366 iinarn
330 2289 370 2365 dt
392 2291 601 2390 jugurtham
624 2289 695 2366 duc.
749 2292 960 2365 deridebatur
982 2298 1031 2366 iti
1052 2300 1088 2367 in
1093 2293 1170 2390 fine
1189 2297 1230 2366 li·

196 2393 302 2464 brix.
324 2390 473 2486 Explicit
494 2392 576 2464 iiber
590 2409 624 2462 u.
676 2390 751 2462 Huc
776 2390 1054 2487 usqur·Hifloria.
1113 2393 1229 2468 Eutro-

201 2493 278 2582 pius
304 2490 486 2584 composuit.
539 2488 599 2560 Cui
628 2503 740 2562 tumen
762 2491 871 2582 aliquo
899 2492 1049 2564 Pauiiur
1065 2493 1257 2586 Dr'ucuurrr¹

202 2587 338 2659 addidit.
392 2590 514 2681 Incipit
540 2589 640 2658 Liber
659 2607 720 2660 11.
758 2585 798 2658 dt
823 2585 871 2659 stc
889 2609 1037 2683 pergunt
1058 2590 1116 2663 iiia
1133 2613 1225 2682 quae

203 2703 303 2756 mete
316 2683 470 2756 Diaconi
488 2681 580 2754 sunt.
608 2683 738 2754 Tertius
753 2683 787 2756 itt
802 2701 854 2772 4⁰.
881 2683 1048 2779 scriptus,
1064 2685 1102 2759 dt
1118 2689 1229 2758 Char·-

203 2795 327 2854 taceut
345 2782 452 2869 item,
477 2781 571 2852 hunc
587 2777 739 2869 praefert
755 2781 911 2854 titolum:
938 2784 1089 2877 Eutropii
1105 2786 1142 2855 dr
1164 2789 1229 2857 ori-

202 2886 303 2975 gine,
327 2877 495 2972 Regibus,
518 2873 709 2973 Consulibus
728 2875 852 2948 Rornae
869 2881 959 2952 iiber.
992 2881 1066 2953 Hic
1087 2881 1229 2976 quidem

202 2978 331 3053 Codex
348 2974 487 3050 nonest
505 2973 618 3048 maiae
634 2989 760 3060 notae,
787 2972 845 3046 sed
863 2977 979 3065 paffim
997 2977 1150 3052 Diaconi
1167 2979 1228 3052 ad·

202 3073 415 3164 ditameutit
431 3072 591 3149 refertur.
640 3071 727 3144 Erat
741 3068 882 3145 &aiter
898 3075 1111 3148 chartaceus
1125 3077 1160 3148 in
1176 3095 1227 3166 4⁰.

49 3163 56 3180 ⁸
201 3176 354 3252 sednon
381 3173 508 3270 dignor
526 3171 627 3268 cujor
641 3171 732 3245 ratio
754 3171 964 3260 haberetur,
987 3175 1175 3268 colligatur
1190 3199 1229 3247 u·

205 3295 251 3348 na
266 3297 349 3352 cum
369 3289 501 3348 vetere
512 3272 625 3366 aliqua
639 3267 861 3364 impreffione
877 3269 1048 3346 Fuseieuii
1071 3273 1230 3364 Tempo-

203 3394 304 3462 rutn,
329 3367 369 3446 δι
392 3368 634 3464 tecentiffimis
655 3367 874 3464 temporibus
896 3371 1053 3464 scriptus.
1080 3371 1231 3470 Quurrur

200 3471 261 3562 qui
284 3471 386 3543 nobit
406 3469 559 3554 dicitur,
585 3465 769 3560 partimin
795 3465 1007 3542 Membrana
1031 3473 1159 3561 partim
1185 3472 1222 3545 itt

202 3568 335 3640 Charta
348 3568 494 3662 scriptus
508 3564 588 3653 est,
603 3565 685 3639 satis
700 3563 850 3652 nitidum
864 3564 903 3639 dt
917 3568 963 3643 ob
976 3568 1011 3640 jd
1027 3569 1136 3641 etiam
1151 3591 1223 3642 ma·

206 3664 263 3759 git
281 3665 603 3750 commendandus,
622 3662 716 3767 quod
733 3684 873 3755 praeter
889 3684 1057 3760 excerpta
1076 3687 1121 3738 ex
1137 3667 1229 3740 Oro-

205 3759 280 3847 fio,
299 3761 384 3836 Rufi
398 3759 492 3836 Festi
509 3762 694 3836 contineat
708 3761 960 3852 Breuiurium‚¹
974 3787 1045 3860 quo
1064 3763 1172 3836 etiarn
1190 3789 1229 3839 u·

70 3904 74 3913 -
203 3856 376 3932 uramus.
400 3857 537 3933 Verum
557 3859 692 3934 iibeiiut
713 3857 775 3932 hic
791 3860 897 3955 quiin
914 3869 963 3942 8⁰·
987 3861 1135 3962 scriptus
1154 3861 1230 3954 est,

201 3977 274 4035 nou
298 3958 522 4054 progreditur
538 3959 575 4036 in
596 3957 881 4102 Eutropippitra
895 3979 1046 4044 mortem
1061 3957 1100 4038 dt
1114 3959 1230 4055 sepul·

818 4077 842 4150 5
1112 4077 1228 4139 turam
