2908 4576
469 281 1100 362 nssorcn'rlorlns

240 419 489 541 vpervertunt.
524 439 657 516 Contra
672 438 808 514 omittit
817 381 1067 537 ¹nonnusquam
1081 441 1227 536 propria
1237 465 1303 520 nm
1423 477 1424 480 ¹

269 543 367 616 ruina
390 531 647 634 personarum,
672 539 864 628 locorum,
887 553 1108 630 temporum,
1132 561 1301 634 monetae
1423 569 1424 640 3

210 649 213 658 '
264 623 377 728 item,
401 633 604 712 &aliorum
620 635 874 726 consimilium,
899 659 988 733 quae
1003 639 1047 710 ab
1065 657 1230 714 accurato
1244 642 1299 718 in·
1423 653 1424 686 ⁷

178 791 182 798 .
268 755 424 834 terprete
438 734 643 830 praeteriri,
663 735 927 834 haudquaquam
945 733 1295 830 estconsentaneum,
1423 739 1424 752 '

270 837 330 920 Ad
345 835 578 908 mutationem
598 857 684 908 vero
698 834 793 931 quod
809 837 955 922 attinet,
976 831 1040 908 etii
1057 856 1187 912 canon
1203 837 1298 914 infe·

268 935 386 1012 liciter
402 933 580 1008 interdum
594 934 726 1022 utitur,
752 949 870 1006 tamen
888 933 993 1030 saepe
1006 955 1153 1008 numero
1168 957 1296 1013 amen·

269 1053 308 1110 te
331 1028 479 1106 cruoris
507 1034 595 1107 ultra
617 1033 762 1106 modum
782 1029 950 1122 discedit,
975 1029 1014 1106 in
1040 1033 1165 1138 quibus
1191 1054 1232 1108 ut
1254 1035 1296 1110 li·

269 1132 427 1208 centiam
445 1130 596 1228 aliquam
610 1129 673 1205 sibi
688 1131 887 1224 ufurpavit,
911 1129 963 1204 ita
980 1129 1018 1204 in
1036 1129 1244 1227 quibusdam
1259 1133 1295 1208 se

267 1229 395 1330 partim
414 1231 575 1324 liuguae,
599 1230 728 1325 partim
741 1225 905 1302 historiae
920 1227 1036 1306 minus
1050 1229 1296 1326 peritumsuis·

266 1331 303 1405 fe
323 1326 492 1424 prodidit.
546 1327 648 1431 Quae
667 1328 787 1402 omnia
803 1325 975 1422 exemplis
993 1323 1191 1424 singulatim
1210 1353 1296 1404 corin

267 1427 400 1506 firmari
424 1427 495 1501 hoc
521 1426 603 1500 loco
621 1423 776 1524 poliens,
801 1447 908 1523 atque
923 1423 1013 1500 adeo
1029 1427 1138 1500 ctiam
1155 1426 1297 1502 fortalie

267 1525 461 1614 deberent,
486 1525 546 1602 sed
564 1549 645 1599 cum
662 1523 767 1620 spatii
789 1523 950 1619 angustia
969 1524 1157 1606 commode
1176 1528 1297 1614 omnia

268 1645 397 1722 capere
424 1645 497 1696 non
518 1623 643 1719 poffit,
667 1623 713 1698 ad
736 1623 953 1697 Notationes
973 1621 1034 1696 illa
1057 1621 1186 1698 nostras
1213 1625 1297 1721 reji-

267 1723 349 1811 cio;
375 1743 489 1820 neque
512 1723 564 1798 ibi
584 1739 706 1796 tarnen
729 1720 848 1796 omnia
873 1718 1070 1818 fingulatim
1092 1723 1294 1818 persecutu-

266 1843 346 1908 rus,
371 1819 430 1894 sed
443 1817 632 1920 infigniora
648 1836 808 1910 tantum,
833 1836 873 1892 ut
892 1836 1011 1893 textus
1030 1819 1129 1901 filum
1148 1820 1296 1920 offeret,

185 1981 191 1992 .
266 1917 521 2020 perstridlurus.
571 1919 708 1994 Verum
726 1919 824 1992 enirn
843 1939 932 1991 vero
947 1918 1198 2023 qualiscunque
1220 1940 1296 1993 tan·

266 2021 350 2095 dctn
369 2018 457 2092 haec
471 2015 523 2094 est
537 2015 785 2114 metaphrasis,
802 2015 976 2115 plerisque
992 2018 1027 2092 in
1045 2018 1298 2094 locissatcom·

265 2115 374 2194 moda
402 2117 646 2212 luculentaque
675 2113 832 2190 diciione
862 2115 968 2189 nobis
995 2115 1207 2213 Eutropium
1234 2139 1297 2204 er·

267 2216 407 2314 preffit,
431 2212 529 2290 &ad
548 2215 743 2310 pleniorem
762 2213 942 2311 utriusque
961 2215 1103 2310 linguae
1118 2213 1296 2310 cognitio·

267 2313 350 2390 nens
368 2334 439 2385 non
458 2334 580 2407 parurn
597 2312 771 2386 momenti
787 2310 901 2387 affert.
954 2311 1035 2414 Quo
1057 2331 1218 2409 tempore
1232 2334 1292 2384 au·

267 2431 343 2486 tem
367 2410 499 2486 vixerit
520 2408 578 2484 hic
599 2411 795 2507 interpres,
819 2405 994 2485 incertum
1023 2409 1084 2486 est.
1139 2408 1294 2484 Videtur

266 2510 442 2602 Eutropio
469 2531 540 2582 non
571 2511 683 2582 multo
713 2507 813 2585 fnilie
837 2509 1024 2584 recentior.
1082 2509 1172 2583 Cum
1198 2509 1295 2582 enim

266 2611 359 2686 libro
382 2607 444 2682 IX.
476 2608 514 2682 in
533 2607 759 2684 Diocletiano
778 2608 870 2701 Imp.
903 2605 963 2704 [c.
981 2609 1067 2706 ap]
1093 2607 1137 2680 de
1157 2607 1296 2681 Narseo

265 2709 445 2784 Persarum
473 2729 558 2806 rege
578 2707 699 2797 dicat,
731 2707 879 2788 adn&
899 2713 929 2780 δ’
950 2701 983 2788 is
1002 2703 1090 2788 iro·
1117 2695 1244 2799 zrt'ml
1262 2737 1297 2785 η

266 2804 320 2907 qq}
338 2805 525 2903 Ὀμσδῳ,
556 2821 614 2890 τοῖς
636 2818 675 2882 alr
700 2803 750 2887 rsit
774 2811 915 2902 tipariparr
944 2812 1060 2892 laniat
1086 2809 1293 2896 dotroplsotr,

266 2927 356 3002 quae
376 2925 445 2977 nec
468 2903 560 2998 apud
587 2906 823 3000 Eutropium,
849 2929 917 2980 nec
941 2908 1035 3004 apud
1061 2905 1292 3002 interpolato·

265 3027 341 3078 rern
362 3002 458 3100 ejus,
483 3003 630 3078 Paulum
653 3005 877 3093 Diaconum,
903 3003 949 3080 src
972 3007 1155 3106 leguntur,
1179 3003 1293 3098 conji-

266 3126 350 3177 cere
365 3100 488 3198 aliquis
503 3101 626 3198 poffit,
652 3125 731 3175 eurn
754 3102 821 3177 ista
838 3123 909 3178 non
933 3123 1004 3176 tam
1028 3103 1089 3176 sub
1109 3101 1293 3195 Eutropii,

267 3223 371 3298 qnam
389 3203 449 3273 sub
464 3197 526 3273 sua
540 3197 643 3297 iplius
657 3199 805 3295 persona
821 3200 877 3301 (ut
893 3198 1295 3298 alianonpauca)dixis·

267 3299 315 3373 se.
368 3300 538 3394 Saporem
562 3317 681 3376 autern
700 3296 739 3374 dc
760 3299 989 3376 Hormisdanr
1009 3323 1071 3386 eos
1090 3298 1296 3394 intelligen-

267 3397 333 3472 dos
356 3394 448 3486 effe,
479 3419 629 3494 quorum
658 3400 866 3474 Ammianus
885 3399 1139 3486 Marcellinus,
1165 3395 1294 3470 Eutrof

267 3495 332 3590 pio
355 3501 538 3588 coaevus,
564 3497 756 3586 meminit,
781 3498 853 3594 ipsa
881 3497 1023 3572 historia
1051 3495 1130 3572 satis
1160 3495 1292 3592 arguit,

265 3595 321 3668 Ea
343 3611 468 3682 certe,
494 3615 582 3694 quae
603 3595 777 3692 Eutropio
798 3619 820 3670 a
842 3597 950 3671 Paulo
973 3595 1136 3676 Diacono
1163 3595 1296 3687 partim

268 3689 399 3766 inferta
425 3689 525 3783 funt,
553 3694 681 3790 partim
707 3693 838 3786 alluta,
871 3693 1040 3769 trecentis
1063 3690 1101 3782 dr
1121 3691 1294 3788 quinqua,

267 3793 370 3886 ginta
387 3787 464 3884 post
486 3793 695 3889 Eutropium
714 3795 835 3882 annis;
858 3793 918 3867 hic
941 3788 1195 3886 metaphrastes
1221 3811 1295 3866 uon

267 3887 437 3986 agnoscit.
476 3891 544 3963 Sed
563 3891 608 3965 de
626 3892 679 3966 his
695 3891 733 3966 dr
753 3889 920 3966 fimilibus
940 3891 1015 3964 aliis
1030 3891 1299 3984 calculumpers·

266 3989 375 4060 mitto
393 3986 605 4062 acutioribus
628 4013 670 4064 ac
688 3992 914 4085 peritioribus
937 3988 1102 4085 ingeniis.
1153 3987 1207 4060 Ea
1231 3987 1298 4066 sal·

267 4103 342 4164 tem
361 4085 421 4162 hic
436 4085 622 4165 indicanda
636 4089 725 4172 milti
743 4087 907 4183 fuerunt,
932 4111 1023 4188 quae
1037 4107 1096 4164 tua
1115 4081 1301 4258 inqerqffe,

1182 4205 1201 4256 e
1238 4205 1278 4258 or
1287 4237 1302 4276 ,
