2868 4568
309 239 998 351 nuntronio·

134 445 211 556 'Jo
234 441 456 545 columbus,
484 439 573 552 Syll.
591 437 713 552 Epist.
735 466 762 524 a
790 439 849 524 ct.
871 441 1095 525 Burmuuua
1115 445 1170 527 cd.

136 557 194 642 T.
210 583 246 639 v.
284 558 358 670 Ep.
377 578 552 638 cuxvm.
598 551 674 638 Sed
701 565 880 638 neutram
910 555 1087 662 reperire
1108 569 1175 662 po-

132 672 224 768 tui,
251 665 307 771 &⁹
326 697 379 756 an
398 666 622 776 exstarent,
650 679 695 750 ut
716 663 959 764 dubitarem,
994 663 1172 774 poderib-

133 784 199 867 ris
217 779 268 865 ab
292 783 563 890 Hauereampa
582 777 638 882 &⁹
654 803 710 862 me
734 773 923 886 consultae
933 773 1034 882 fecit
1052 793 1170 886 prae·

118 892 262 1000 fictio,
272 919 412 1087 juce,
440 890 593 1004 quadiu
620 895 774 974 iterata
794 890 1023 996 Eutropiia
1044 889 1176 975 Cultu·

132 1007 200 1090 rio
221 1007 271 1090 iti
297 1029 351 1088 em
375 1009 430 1088 A.
460 1005 577 1108 1678.
605 1005 792 1112 primum,
828 1003 942 1104 1698.
960 997 1166 1110 secundum

129 1119 235 1226 typis
270 1115 449 1226 descripti
467 1113 639 1200 'editione
656 1111 764 1221 jocus
785 1109 973 1220 fhibum,
1015 1116 1167 1222 prioris

129 1251 319 1339 nusquam
341 1231 556 1311 mentionem
575 1228 712 1334 injicit.
762 1227 855 1308 Cum
877 1220 1167 1333 nibiltalefpe·

129 1344 250 1423 ranti
268 1340 376 1423 altro
394 1338 486 1424 mibi
505 1339 644 1422 obtulit
659 1337 858 1448 exemplar
868 1334 964 1420 illud
979 1339 1033 1422 A.
1053 1338 1170 1438 1678.

132 1451 256 1534 Cizae
288 1451 488 1562 inpreſjum
520 1451 595 1534 Col.
628 1441 943 1533 P.'Burmaunus
969 1451 1046 1530 Sec.
1063 1451 1170 1557 cujus

126 1563 172 1646 in
202 1563 387 1672 Eutropii
419 1557 612 1669 codicibus
630 1557 964 1666 stcbmiuisirandis
989 1560 1171 1656 tacitae·-

127 1687 207 1757 tem
236 1678 353 1756 etiam
380 1689 472 1758 autc
498 1689 547 1756 'ex
575 1687 685 1753 ectus
709 1669 875 1770 fueram.
939 1669 1048 1750 Haec
1067 1693 1165 1753 vera

125 1777 222 1895 quin
240 1782 367 1867 eadem
393 1785 508 1867 editio
541 1799 594 1884 tt,
621 1807 734 1891 quam
754 1781 881 1890 inseq.
908 1805 1048 1864 annum
1068 1781 1164 1887 reji-

124 1897 182 1977 cit
204 1895 257 1975 Cl.
285 1894 509 1995 Fabricius,
538 1891 661 1975 nullus
678 1891 831 1989 dubito,
860 1895 953 2000 quia
972 1893 1012 1974 iu
1032 1891 1172 2000 Suppl.·

128 1995 176 2090 T.
191 2001 266 2087 tte
303 2020 339 2113 p.
365 2030 451 2110 112.
491 2001 734 2115 posteriorem
764 2000 839 2113 ipsc
857 2015 972 2086 uocat
985 2002 1158 2084 ‘aiterum

1 2124 5 2131 '
122 2114 178 2200 In
199 2115 270 2200 bac
287 2139 403 2220 uera,
459 2141 546 2201 uam
567 2119 606 2200 iu
627 2116 720 2214 iila,
748 2132 793 2198 ut
814 2114 892 2222 fit,
909 2112 1167 2222 samsonem·-

1 2217 3 2232 ’
111 2223 320 2338 seVirum
332 2143 637 2343 Eruffitiffimum
653 2254 673 2313 e
682 2227 755 2335 suu
774 2220 1039 2339 locosubjeibis
1058 2225 1158 2310 nite·
1261 2301 1265 2308 .

125 2341 213 2422 rius
230 2345 329 2424 notis
349 2341 529 2453 liquebit,
550 2365 647 2454 quas
664 2338 746 2424 ideo
761 2338 892 2441 addidi
898 2395 912 2439 ‚
925 2337 1024 2453 quod
1041 2361 1161 2424 meam

117 2445 355 2562 senteutiam
377 2469 553 2539 mutatae
569 2453 807 2560 confirmant.

184 2563 261 2646 His
283 2565 416 2673 itaque
445 2563 629 2664 auxiliis,
656 2563 791 2674 quibus
811 2585 912 2644 meas
929 2559 1165 2672 qualenam·

151 2697 196 2756 uc
216 2670 575 2784 Animaduerstones
590 2672 736 2782 adjeci,
763 2671 880 2756 multo
897 2667 1050 2755 auidior
1063 2687 1158 2780 pro·

121 2690 244 2890 3iilbet
273 2778 432 2888 Rufus,
473 2809 587 2896 quam
613 2783 711 2868 olim.
777 2785 841 2866 At
878 2805 950 2894 quo
975 2786 1156 2868 ornatior

120 2915 220 2979 nuuc
241 2892 437 3008 prodeat,
476 2895 572 2979 idem
603 2893 701 2980 iilud
721 2897 941 2979 Burmanni
955 2889 1056 3000 fecit
1074 2919 1155 2979 mu·

120 3031 214 3111 uus,
240 3005 340 3122 quod
355 3021 518 3119 praeter
536 3005 785 3119 defideratam
804 3005 1023 3104 editionum,
1045 3011 1155 3118 quiu-

119 3138 191 3228 qua
220 3119 334 3204 Codd.
371 3120 580 3205 MStorum
613 3118 875 3206 Conlatiouum
895 3124 1037 3229 copiam
1045 3117 1151 3224 fece·

118 3231 205 3328 rit,
244 3247 289 3314 ut
315 3233 473 3317 omnium
502 3228 777 3343 ingratissimus
805 3227 932 3339 effeta,
961 3228 1032 3340 nist
1053 3231 1152 3315 Viro

118 3341 277 3426 Eximio
288 3341 433 3452 publice
449 3347 609 3455 gratias
628 3367 793 3454 agerem.
837 3341 910 3428 Ad
924 3365 1033 3427 oram
1052 3345 1151 3424 enim

120 3452 226 3537 illius
246 3456 475 3562 exemplaris
491 3472 661 3570 quatuor
687 3455 811 3540 MSS.
831 3453 1067 3539 Conlatioms
1083 3452 1153 3536 ad·

119 3563 276 3649 leverat
297 3568 374 3650 Vir
393 3573 491 3654 omni
516 3593 592 3654 meo
606 3569 805 3678 praeconio
831 3569 958 3676 major
974 3567 1019 3650 P.
1043 3566 1152 3648 Bur·

118 3697 278 3760 manuus
299 3678 502 3780 Patruus,
530 3703 690 3792 quarum
710 3694 839 3764 tamen
865 3701 961 3760 unus
978 3706 1006 3760 a
1023 3681 1149 3787 capite

120 3785 177 3873 ad
210 3787 343 3872 calcem
370 3806 462 3876 erat
492 3793 694 3893 conlatus,
736 3793 857 3875 ceteri
895 3813 966 3872 nou
992 3785 1064 3892 mist
1095 3787 1150 3873 ad

117 3895 177 3990 ad
192 3901 233 3988 C.
255 3916 355 3985 xm.
382 3899 479 3989 unde
499 3901 554 3992 ad
572 3905 799 4012 Catoiogum
816 3900 916 3988 Bibl.
941 3899 1149 4013 Lugdunu-

634 4013 740 4100 Ee.e
767 4039 791 4121 3
1065 4013 1154 4100 Ba·
