2918 4590
312 285 367 340 ut
420 261 1053 346 PRAEFATIONES.

165 417 389 511 corripuitque
403 415 501 512 soter
522 427 698 490 mirantem
719 418 878 510 plurimus
901 419 1006 496 butor

218 515 388 603 etentes,
412 537 545 608 murum
568 519 661 608 topia
682 513 776 606 larga
790 510 880 606 fuit.

165 612 349 706 Praecipue
372 613 474 686 dadas
496 616 630 708 cognom·
652 625 759 684 mente
783 605 974 704 magistrat,

217 713 273 782 Ad
292 713 405 782 uiuum
425 713 527 804 pillos
550 711 652 782 multa
676 709 797 784 tabella
819 703 936 800 refert.

167 807 272 882 Parte
297 810 365 883 ulia
380 806 498 904 stituit
511 807 647 906 slsprui
670 822 783 895 erepta
807 807 915 878 ruinis

216 909 411 999 Maturata,
435 929 514 1002 qun
536 908 632 982 tellus
654 906 769 998 Itala,
796 904 903 1001 Grojo
925 902 1026 977 dedit.

167 1101 271 1203 Quae
291 1103 429 1197 quidem
447 1103 570 1178 omnia
590 1099 630 1178 dt
643 1100 795 1198 fingula,
821 1123 929 1198 quum
944 1096 1190 1174 adbucanimo

167 1225 252 1273 tneo
277 1203 532 1286 obversentur,
564 1225 635 1297 quo
661 1199 874 1296 potiffimum
896 1198 1041 1272 nomine
1064 1199 1190 1272 beatos
1317 1237 1328 1258 a

168 1321 235 1370 uos
251 1301 470 1393 praedicem,
494 1299 629 1374 Nobile
648 1323 712 1396 pat
727 1301 904 1387 Fratrum,
928 1297 990 1371 vix
1004 1296 1087 1369 scio.
1115 1295 1193 1369 Ve-

167 1397 321 1472 neranda
343 1418 461 1472 tamen
484 1399 687 1494 Antiquitas
704 1395 768 1470 fibi
784 1397 967 1472 vindicare
983 1395 1074 1469 velle
1091 1393 1189 1468 vide·

168 1512 245 1582 tur,
276 1495 472 1592 cujusnam
498 1497 698 1590 praeclarae
717 1495 904 1591 reliquiae,
929 1513 1002 1570 tarn
1027 1494 1187 1582 multae,

165 1591 375 1672 anstrudam
387 1595 425 1668 in
435 1595 552 1672 Villae
565 1591 700 1670 vestrae
710 1591 883 1668 vestibulo
893 1591 1070 1667 Particum
1082 1613 1188 1664 exor-

164 1709 250 1762 nant
258 1741 272 1780 ,
285 1709 326 1762 ut
345 1713 492 1784 repente
507 1691 600 1790 quass
614 1692 651 1766 in
667 1692 773 1765 alium
787 1709 956 1782 terrarum
971 1693 1097 1764 orbem
1111 1711 1190 1782 rap·

163 1803 222 1859 tus
241 1788 327 1861 mihi
342 1787 491 1862 viderer.
541 1791 789 1864 occurrebant
801 1790 960 1878 Graecae
971 1787 1095 1862 Latina
1144 1807 1190 1860 ue

161 1883 440 1978 Inscriptionet,
473 1888 702 1982 Anaglypha,
735 1887 882 1975 Urnae,
917 1887 1028 1970 Arae,
1062 1887 1127 1958 Bul
1146 1907 1187 1972 a,

162 2002 276 2078 atque
297 1983 469 2070 Statuae3
499 2005 644 2081 quarum
666 1981 854 2055 nonnullae
878 1981 962 2055 naso
981 1979 1051 2073 jum
1077 1983 1191 2052 mino-

161 2103 243 2169 res,
271 2075 309 2154 dt
325 2079 417 2175 pede
432 2081 489 2158 vel
504 2079 650 2158 brachio
664 2095 869 2170 truncatae,
894 2077 1075 2173 deplorare
1092 2076 1191 2150 vide-

161 2182 294 2252 bantur
315 2179 371 2252 vel
387 2181 611 2255 barbarorum
632 2178 882 2270 stoliditatem,
910 2176 968 2250 vel
982 2173 1085 2273 ipsura
1101 2193 1191 2250 tem·

155 2278 260 2373 potis
280 2277 464 2373 injuriam
485 2282 576 2356 aliae
598 2275 780 2353 faventem
797 2277 911 2372 tnagis
931 2294 1100 2370 expertae
1116 2273 1190 2348 for·

158 2395 310 2462 tunam,
336 2377 531 2452 inviolatae
556 2378 692 2469 adhuc,
716 2375 863 2472 priscam
888 2373 1115 2449 ostentabant
1134 2395 1189 2448 ar·

155 2493 240 2546 tem
263 2471 604 2565 &pulcritudinem
658 2479 821 2572 Longum
844 2473 937 2548 soret
964 2477 1082 2546 omnia
1106 2495 1187 2568 per·
1248 2559 1254 2566 .

158 2571 307 2646 censete
318 2619 331 2657 ,
356 2595 444 2666 quae
464 2575 527 2646 hle
540 2576 661 2648 oculos
679 2575 902 2666 animumque
917 2567 1091 2644 delectare
1109 2593 1189 2663 pos·

157 2669 255 2751 srnt;
280 2669 409 2740 Racclti
433 2688 551 2758 tamen
574 2672 751 2744 alludente
774 2673 924 2764 Satyro,
947 2685 1053 2761 atque
1077 2669 1187 2760 Apol·

158 2765 248 2842 linis
267 2763 396 2859 tripodi
418 2763 478 2838 suo
501 2766 685 2840 innitentis
703 2768 798 2861 signa
812 2765 982 2840 mirabilia
996 2765 1189 2856 praeterire

155 2883 327 2958 neque03
351 2862 434 2958 quin
450 2860 487 2936 dt
502 2862 670 2936 intadlum
686 2863 709 2936 st
725 2864 915 2956 relinquam
933 2862 1065 2934 veteris
1084 2881 1189 2958 togae

155 2966 194 3040 in
214 2961 379 3034 Consulis
390 2961 571 3057 cujusdam
587 2961 740 3035 Romani
756 2958 869 3032 statua
885 2961 1054 3032 ambitum
1067 2956 1105 3032 dt
1124 2961 1187 3032 tui·

150 3059 311 3138 rabilem
338 3060 572 3154 plicatorem,
606 3057 812 3134 Germanici
831 3053 1101 3152 pulcherrimutn
1130 3079 1187 3130 ca·

154 3179 255 3257 put,
289 3157 508 3255 aliorumque
530 3158 705 3252 plurium3
740 3153 1114 3254 magnificentiffimant
1138 3173 1188 3226 ta·

156 3281 246 3333 men
271 3257 365 3331 illam
394 3253 542 3354 Augusti
566 3256 714 3332 statuam
736 3252 873 3329 silentio
898 3253 1090 3350 praeterire
1117 3275 1188 3330 non

158 3354 310 3450 pullum.
336 3355 440 3456 Quae
456 3355 600 3450 quidem
618 3374 694 3432 tota
708 3377 753 3428 ex
770 3375 943 3426 marmore
958 3349 1109 3426 candido
1123 3351 1185 3424 ltu·

160 3473 269 3525 mana
281 3454 496 3548 aliquantum
518 3454 630 3550 major
649 3454 778 3528 statura
794 3452 960 3548 surgens,
986 3451 1092 3523 Urbis
1112 3449 1181 3522 Ro·

163 3571 292 3621 manae
305 3546 1077 3647 Orbisquedomitorem&praestantisfimum
1087 3549 1181 3624 Prin·

75 3641 80 3660 '
161 3647 284 3738 cipem
308 3649 418 3722 oculis
444 3647 569 3724 nustria
586 3647 720 3734 offert,
745 3648 864 3736 cultu,
889 3669 959 3744 quo
976 3665 1110 3723 tanturn
1129 3649 1181 3723 vi·

160 3765 241 3814 rum
263 3742 432 3835 decebat,
455 3749 647 3822 elaborata.
700 3745 888 3820 Veriffirna
914 3764 1009 3820 certe
1030 3745 1102 3818 otis
1121 3769 1180 3820 te·

160 3839 311 3912 netandi
337 3841 545 3922 lineamenta
567 3845 611 3920 ad
638 3844 908 3941 praestantiores
928 3843 1086 3940 ejusdem
1113 3847 1179 3918 lm·
1222 3893 1226 3902 ,

157 3939 337 4035 paratorio
359 3959 516 4022 nummus
531 3943 923 4086 egregie-potedentia,
947 3943 1065 4020 nescio
1077 3963 1184 4111 finem

770 4065 789 4139 3
1102 4063 1190 4114 uno-

1287 1191 1306 1223 N
