<?xml version="1.0" encoding="UTF-8"?>
<!DOCTYPE html PUBLIC "-//W3C//DTD XHTML 1.0 Transitional//EN"
    "http://www.w3.org/TR/xhtml1/DTD/xhtml1-transitional.dtd">
<html xmlns="http://www.w3.org/1999/xhtml" xml:lang="en" lang="en">
 <head>
  <title>
</title>
<meta http-equiv="Content-Type" content="text/html;charset=utf-8" />
  <meta name='ocr-system' content='tesseract 3.04.00' />
  <meta name='ocr-capabilities' content='ocr_page ocr_carea ocr_par ocr_line ocrx_word'/>
</head>
<body>
  <div class='ocr_page' id='page_1' title='image "./eutropiibreviar02verhgoog/eutropiibreviar02verhgoog_0011.png"; bbox 0 0 2918 4590; ppageno 0'>
   <div class='ocr_carea' id='block_1_1' title="bbox 383 292 1191 418">
    <p class='ocr_par' dir='ltr' id='par_1_1' title="bbox 383 292 1191 418">
     <span class='ocr_line' id='line_1_1' title="bbox 383 292 1191 418; baseline 0.005 -30"><span class='ocrx_word' id='word_1_1' title='bbox 383 292 993 408; x_wconf 71' lang='lat' dir='ltr'>nuoncnrro</span> <span class='ocrx_word' id='word_1_2' title='bbox 1135 325 1191 418; x_wconf 70' lang='lat' dir='ltr'>·r</span> 
     </span>
    </p>
   </div>
   <div class='ocr_carea' id='block_1_2' title="bbox 10 489 1332 3852">
    <p class='ocr_par' dir='ltr' id='par_1_2' title="bbox 10 489 1332 3852">
     <span class='ocr_line' id='line_1_2' title="bbox 166 489 1190 636; baseline 0.009 -40"><span class='ocrx_word' id='word_1_3' title='bbox 166 489 382 610; x_wconf 83' lang='lat' dir='ltr'>excitant,</span> <span class='ocrx_word' id='word_1_4' title='bbox 425 491 475 595; x_wconf 89' lang='lat'>&amp;</span> <span class='ocrx_word' id='word_1_5' title='bbox 512 515 790 625; x_wconf 77' lang='lat' dir='ltr'>promovent</span> <span class='ocrx_word' id='word_1_6' title='bbox 863 491 975 624; x_wconf 89' lang='lat' dir='ltr'>Quo</span> <span class='ocrx_word' id='word_1_7' title='bbox 1009 498 1190 636; x_wconf 90' lang='lat' dir='ltr'>quidem</span> 
     </span>
     <span class='ocr_line' id='line_1_3' title="bbox 166 639 1188 786; baseline -0.005 -42"><span class='ocrx_word' id='word_1_8' title='bbox 166 643 354 744; x_wconf 86' lang='lat' dir='ltr'>nomine</span> <span class='ocrx_word' id='word_1_9' title='bbox 380 639 462 776; x_wconf 75' lang='lat' dir='ltr'>ipsa</span> <span class='ocrx_word' id='word_1_10' title='bbox 491 641 729 775; x_wconf 84' lang='lat' dir='ltr'>Eutropius</span> <span class='ocrx_word' id='word_1_11' title='bbox 757 639 807 741; x_wconf 86' lang='lat'>&amp;</span> <span class='ocrx_word' id='word_1_12' title='bbox 835 641 1008 770; x_wconf 83' lang='lat' dir='ltr'>Festus,</span> <span class='ocrx_word' id='word_1_13' title='bbox 1041 650 1076 752; x_wconf 84' lang='lat' dir='ltr'>sr</span> <span class='ocrx_word' id='word_1_14' title='bbox 1111 641 1188 786; x_wconf 91' lang='lat' dir='ltr'>qui</span> 
     </span>
     <span class='ocr_line' id='line_1_4' title="bbox 10 789 1332 938; baseline -0.004 -34"><span class='ocrx_word' id='word_1_15' title='bbox 10 909 14 930; x_wconf 53' lang='grc'>,</span> <span class='ocrx_word' id='word_1_16' title='bbox 166 806 368 904; x_wconf 83' lang='lat' dir='ltr'>manium</span> <span class='ocrx_word' id='word_1_17' title='bbox 402 801 578 920; x_wconf 68' lang='lat' dir='ltr'>franbus,</span> <span class='ocrx_word' id='word_1_18' title='bbox 621 797 855 918; x_wconf 88' lang='lat' dir='ltr'>nostrum,</span> <span class='ocrx_word' id='word_1_19' title='bbox 900 835 1029 934; x_wconf 88' lang='lat' dir='ltr'>quam</span> <span class='ocrx_word' id='word_1_20' title='bbox 1062 808 1192 938; x_wconf 16' lang='lat' dir='ltr'>mum*</span> <span class='ocrx_word' id='word_1_21' title='bbox 1329 789 1332 797; x_wconf 66' lang='grc'><strong>’</strong></span> 
     </span>
     <span class='ocr_line' id='line_1_5' title="bbox 164 937 1189 1087; baseline 0.002 -33"><span class='ocrx_word' id='word_1_22' title='bbox 164 937 336 1069; x_wconf 83' lang='lat' dir='ltr'>felicius</span> <span class='ocrx_word' id='word_1_23' title='bbox 372 955 662 1086; x_wconf 81' lang='lat' dir='ltr'>praedicarent</span> <span class='ocrx_word' id='word_1_24' title='bbox 698 986 886 1082; x_wconf 82' lang='lat' dir='ltr'>aevum,</span> <span class='ocrx_word' id='word_1_25' title='bbox 922 954 998 1087; x_wconf 90' lang='lat' dir='ltr'>qui</span> <span class='ocrx_word' id='word_1_26' title='bbox 1029 953 1189 1056; x_wconf 91' lang='lat' dir='ltr'>Princi-</span> 
     </span>
     <span class='ocr_line' id='line_1_6' title="bbox 163 1107 1192 1242; baseline 0.004 -36"><span class='ocrx_word' id='word_1_27' title='bbox 163 1109 211 1241; x_wconf 93' lang='lat' dir='ltr'>pi</span> <span class='ocrx_word' id='word_1_28' title='bbox 247 1111 448 1208; x_wconf 92' lang='lat' dir='ltr'>omnium</span> <span class='ocrx_word' id='word_1_29' title='bbox 493 1110 683 1210; x_wconf 92' lang='lat' dir='ltr'>omnino</span> <span class='ocrx_word' id='word_1_30' title='bbox 734 1107 985 1207; x_wconf 87' lang='lat' dir='ltr'>Literarum</span> <span class='ocrx_word' id='word_1_31' title='bbox 1023 1113 1192 1242; x_wconf 83' lang='lat' dir='ltr'>experti</span> 
     </span>
     <span class='ocr_line' id='line_1_7' title="bbox 164 1263 1193 1401; baseline 0.01 -43"><span class='ocrx_word' id='word_1_32' title='bbox 164 1293 275 1393; x_wconf 91' lang='lat' dir='ltr'>opus</span> <span class='ocrx_word' id='word_1_33' title='bbox 314 1263 438 1364; x_wconf 88' lang='lat' dir='ltr'>suum</span> <span class='ocrx_word' id='word_1_34' title='bbox 474 1263 672 1380; x_wconf 87' lang='lat' dir='ltr'>dedicare</span> <span class='ocrx_word' id='word_1_35' title='bbox 708 1267 881 1384; x_wconf 62' lang='lat' dir='ltr'>coacti,</span> <span class='ocrx_word' id='word_1_36' title='bbox 931 1299 1051 1364; x_wconf 91' lang='lat' dir='ltr'>nunc</span> <span class='ocrx_word' id='word_1_37' title='bbox 1080 1299 1193 1401; x_wconf 84' lang='lat' dir='ltr'>quot</span> 
     </span>
     <span class='ocr_line' id='line_1_8' title="bbox 78 1411 1190 1549; baseline 0.004 -41"><span class='ocrx_word' id='word_1_38' title='bbox 78 1525 80 1528; x_wconf 17' lang='lat'>¹</span> <span class='ocrx_word' id='word_1_39' title='bbox 127 1529 131 1534; x_wconf 15' lang='grc'>1</span> <span class='ocrx_word' id='word_1_40' title='bbox 164 1411 295 1510; x_wconf 82' lang='lat' dir='ltr'>Viros</span> <span class='ocrx_word' id='word_1_41' title='bbox 330 1417 374 1514; x_wconf 93' lang='lat' dir='ltr'>in</span> <span class='ocrx_word' id='word_1_42' title='bbox 404 1415 573 1548; x_wconf 81' lang='lat' dir='ltr'>publica</span> <span class='ocrx_word' id='word_1_43' title='bbox 605 1415 654 1516; x_wconf 71' lang='grc' dir='ltr'>ὅτ</span> <span class='ocrx_word' id='word_1_44' title='bbox 687 1413 865 1514; x_wconf 81' lang='lat' dir='ltr'>literaria</span> <span class='ocrx_word' id='word_1_45' title='bbox 894 1449 941 1512; x_wconf 85' lang='lat' dir='ltr'>re</span> <span class='ocrx_word' id='word_1_46' title='bbox 971 1419 1190 1549; x_wconf 83' lang='lat' dir='ltr'><strong>principes</strong></span> 
     </span>
     <span class='ocr_line' id='line_1_9' title="bbox 160 1565 1189 1700; baseline 0.004 -34"><span class='ocrx_word' id='word_1_47' title='bbox 160 1565 490 1684; x_wconf 85' lang='lat' dir='ltr'>obfenderent,</span> <span class='ocrx_word' id='word_1_48' title='bbox 545 1566 699 1700; x_wconf 89' lang='lat' dir='ltr'>quibus</span> <span class='ocrx_word' id='word_1_49' title='bbox 763 1565 1012 1668; x_wconf 86' lang='lat' dir='ltr'>industriam</span> <span class='ocrx_word' id='word_1_50' title='bbox 1069 1568 1189 1670; x_wconf 89' lang='lat' dir='ltr'>suam</span> 
     </span>
     <span class='ocr_line' id='line_1_10' title="bbox 159 1719 1247 1858; baseline 0 -38"><span class='ocrx_word' id='word_1_51' title='bbox 159 1722 344 1858; x_wconf 85' lang='lat' dir='ltr'>probare</span> <span class='ocrx_word' id='word_1_52' title='bbox 368 1719 1064 1858; x_wconf 71' lang='lat' dir='ltr'>poffentiQuodquamquam,</span> <span class='ocrx_word' id='word_1_53' title='bbox 1102 1725 1190 1825; x_wconf 79' lang='lat' dir='ltr'>Va·</span> <span class='ocrx_word' id='word_1_54' title='bbox 1238 1801 1247 1820; x_wconf 90' lang='lat'><strong>.</strong></span> 
     </span>
     <span class='ocr_line' id='line_1_11' title="bbox 161 1879 1196 2008; baseline 0 -31"><span class='ocrx_word' id='word_1_55' title='bbox 161 1879 1054 2007; x_wconf 73' lang='lat' dir='ltr'>n1Cannununrnu1,1promirrere</span> <span class='ocrx_word' id='word_1_56' title='bbox 1078 1879 1196 2008; x_wconf 75' lang='lat' dir='ltr'>mibi</span> 
     </span>
     <span class='ocr_line' id='line_1_12' title="bbox 161 2027 1187 2163; baseline -0.002 -37"><span class='ocrx_word' id='word_1_57' title='bbox 161 2061 254 2126; x_wconf 93' lang='lat' dir='ltr'>non</span> <span class='ocrx_word' id='word_1_58' title='bbox 280 2027 446 2142; x_wconf 80' lang='lat' dir='ltr'>audoO,</span> <span class='ocrx_word' id='word_1_59' title='bbox 466 2028 703 2162; x_wconf 79' lang='lat' dir='ltr'>quidquam</span> <span class='ocrx_word' id='word_1_60' title='bbox 726 2029 769 2122; x_wconf 91' lang='lat' dir='ltr'>in</span> <span class='ocrx_word' id='word_1_61' title='bbox 792 2029 1055 2156; x_wconf 86' lang='lat' dir='ltr'>Scriptores,</span> <span class='ocrx_word' id='word_1_62' title='bbox 1076 2065 1187 2163; x_wconf 88' lang='lat' dir='ltr'>quos</span> 
     </span>
     <span class='ocr_line' id='line_1_13' title="bbox 162 2175 1189 2315; baseline 0 -37"><span class='ocrx_word' id='word_1_63' title='bbox 162 2177 306 2284; x_wconf 83' lang='lat' dir='ltr'>Vobis</span> <span class='ocrx_word' id='word_1_64' title='bbox 330 2178 506 2290; x_wconf 80' lang='lat' dir='ltr'>obferre</span> <span class='ocrx_word' id='word_1_65' title='bbox 535 2175 836 2300; x_wconf 54' lang='lat' dir='ltr'>bostrom</span> <span class='ocrx_word' id='word_1_66' title='bbox 860 2213 935 2298; x_wconf 87' lang='lat' dir='ltr'>me</span> <span class='ocrx_word' id='word_1_67' title='bbox 954 2180 1189 2315; x_wconf 80' lang='lat' dir='ltr'>conlatum</span> 
     </span>
     <span class='ocr_line' id='line_1_14' title="bbox 158 2325 1187 2469; baseline -0.002 -35"><span class='ocrx_word' id='word_1_68' title='bbox 158 2332 408 2466; x_wconf 83' lang='lat' dir='ltr'>desperans,</span> <span class='ocrx_word' id='word_1_69' title='bbox 443 2334 563 2469; x_wconf 90' lang='lat' dir='ltr'>quod</span> <span class='ocrx_word' id='word_1_70' title='bbox 597 2361 678 2448; x_wconf 84' lang='lat' dir='ltr'>aut·</span> <span class='ocrx_word' id='word_1_71' title='bbox 706 2331 975 2453; x_wconf 79' lang='lat' dir='ltr'>eruditione,</span> <span class='ocrx_word' id='word_1_72' title='bbox 1010 2363 1083 2434; x_wconf 84' lang='lat' dir='ltr'>aur</span> <span class='ocrx_word' id='word_1_73' title='bbox 1113 2325 1187 2466; x_wconf 69' lang='lat' dir='ltr'>qai-</span> 
     </span>
     <span class='ocr_line' id='line_1_15' title="bbox 157 2481 1185 2618; baseline 0.002 -35"><span class='ocrx_word' id='word_1_74' title='bbox 157 2488 356 2586; x_wconf 85' lang='lat' dir='ltr'>tentione</span> <span class='ocrx_word' id='word_1_75' title='bbox 392 2483 546 2594; x_wconf 82' lang='lat' dir='ltr'>Vestra</span> <span class='ocrx_word' id='word_1_76' title='bbox 578 2483 765 2618; x_wconf 85' lang='lat' dir='ltr'>dignum</span> <span class='ocrx_word' id='word_1_77' title='bbox 798 2481 877 2602; x_wconf 81' lang='lat' dir='ltr'>sat,</span> <span class='ocrx_word' id='word_1_78' title='bbox 923 2513 969 2582; x_wconf 93' lang='lat' dir='ltr'>ut</span> <span class='ocrx_word' id='word_1_79' title='bbox 1008 2491 1185 2608; x_wconf 77' lang='lat' dir='ltr'>tamen,</span> 
     </span>
     <span class='ocr_line' id='line_1_16' title="bbox 95 2634 1183 2774; baseline -0.001 -39"><span class='ocrx_word' id='word_1_80' title='bbox 95 2710 100 2718; x_wconf 78' lang='lat'>·</span> <span class='ocrx_word' id='word_1_81' title='bbox 157 2637 365 2772; x_wconf 89' lang='lat' dir='ltr'>quidquid</span> <span class='ocrx_word' id='word_1_82' title='bbox 388 2639 459 2736; x_wconf 92' lang='lat' dir='ltr'>bic</span> <span class='ocrx_word' id='word_1_83' title='bbox 493 2669 691 2738; x_wconf 85' lang='lat' dir='ltr'>mearum</span> <span class='ocrx_word' id='word_1_84' title='bbox 717 2634 1073 2772; x_wconf 63' lang='lat' dir='ltr'>lucubrationum]</span> <span class='ocrx_word' id='word_1_85' title='bbox 1090 2636 1183 2774; x_wconf 71' lang='lat' dir='ltr'>bt,-</span> 
     </span>
     <span class='ocr_line' id='line_1_17' title="bbox 158 2769 1186 2920; baseline 0.003 -33"><span class='ocrx_word' id='word_1_86' title='bbox 158 2789 326 2893; x_wconf 83' lang='lat' dir='ltr'>Vestris</span> <span class='ocrx_word' id='word_1_87' title='bbox 369 2791 619 2890; x_wconf 86' lang='lat' dir='ltr'>nominibus</span> <span class='ocrx_word' id='word_1_88' title='bbox 660 2787 921 2916; x_wconf 82' lang='lat' dir='ltr'>inscribam,</span> <span class='ocrx_word' id='word_1_89' title='bbox 964 2787 1072 2920; x_wconf 81' lang='lat' dir='ltr'>facit</span> <span class='ocrx_word' id='word_1_90' title='bbox 1104 2769 1186 2920; x_wconf 43' lang='lat' dir='ltr'>aei</span> 
     </span>
     <span class='ocr_line' id='line_1_18' title="bbox 154 2939 1189 3080; baseline -0.002 -36"><span class='ocrx_word' id='word_1_91' title='bbox 154 2979 295 3080; x_wconf 92' lang='lat' dir='ltr'>quum</span> <span class='ocrx_word' id='word_1_92' title='bbox 327 2941 537 3044; x_wconf 79' lang='lat' dir='ltr'>Vestrum</span> <span class='ocrx_word' id='word_1_93' title='bbox 566 2945 623 3044; x_wconf 77' lang='lat' dir='ltr'>de</span> <span class='ocrx_word' id='word_1_94' title='bbox 655 2939 802 3060; x_wconf 86' lang='lat' dir='ltr'>alienis</span> <span class='ocrx_word' id='word_1_95' title='bbox 832 2941 1072 3070; x_wconf 81' lang='lat' dir='ltr'>judicium,</span> <span class='ocrx_word' id='word_1_96' title='bbox 1107 2941 1189 3080; x_wconf 77' lang='lat' dir='ltr'>de-=</span> 
     </span>
     <span class='ocr_line' id='line_1_19' title="bbox 155 3094 1237 3235; baseline -0.002 -35"><span class='ocrx_word' id='word_1_97' title='bbox 155 3135 243 3235; x_wconf 89' lang='lat' dir='ltr'>que</span> <span class='ocrx_word' id='word_1_98' title='bbox 280 3103 364 3233; x_wconf 85' lang='lat' dir='ltr'>iis,</span> <span class='ocrx_word' id='word_1_99' title='bbox 407 3103 485 3235; x_wconf 89' lang='lat' dir='ltr'>qui</span> <span class='ocrx_word' id='word_1_100' title='bbox 514 3094 786 3234; x_wconf 84' lang='lat' dir='ltr'>politioribus</span> <span class='ocrx_word' id='word_1_101' title='bbox 826 3094 1054 3230; x_wconf 80' lang='lat' dir='ltr'>disciplinis</span> <span class='ocrx_word' id='word_1_102' title='bbox 1089 3100 1186 3230; x_wconf 55' lang='lat' dir='ltr'>anig</span> <span class='ocrx_word' id='word_1_103' title='bbox 1230 3209 1237 3216; x_wconf 54' lang='grc'><strong>,</strong></span> 
     </span>
     <span class='ocr_line' id='line_1_20' title="bbox 154 3249 1183 3394; baseline -0.006 -40"><span class='ocrx_word' id='word_1_104' title='bbox 154 3289 281 3355; x_wconf 91' lang='lat' dir='ltr'>mum</span> <span class='ocrx_word' id='word_1_105' title='bbox 308 3252 544 3369; x_wconf 71' lang='lat' dir='ltr'>excolunt,</span> <span class='ocrx_word' id='word_1_106' title='bbox 580 3249 918 3377; x_wconf 86' lang='lat' dir='ltr'>benemerendi</span> <span class='ocrx_word' id='word_1_107' title='bbox 952 3250 1183 3394; x_wconf 69' lang='lat' dir='ltr'>noluntas,⁴</span> 
     </span>
     <span class='ocr_line' id='line_1_21' title="bbox 152 3401 1179 3546; baseline -0.002 -38"><span class='ocrx_word' id='word_1_108' title='bbox 152 3443 237 3546; x_wconf 87' lang='lat' dir='ltr'>qua</span> <span class='ocrx_word' id='word_1_109' title='bbox 264 3407 427 3541; x_wconf 88' lang='lat' dir='ltr'>saepius</span> <span class='ocrx_word' id='word_1_110' title='bbox 446 3405 566 3528; x_wconf 84' lang='lat' dir='ltr'>mihi</span> <span class='ocrx_word' id='word_1_111' title='bbox 594 3435 770 3538; x_wconf 83' lang='lat' dir='ltr'>experta</span> <span class='ocrx_word' id='word_1_112' title='bbox 804 3403 848 3502; x_wconf 91' lang='lat' dir='ltr'>in</span> <span class='ocrx_word' id='word_1_113' title='bbox 879 3401 1000 3538; x_wconf 86' lang='lat' dir='ltr'>spem</span> <span class='ocrx_word' id='word_1_114' title='bbox 1042 3409 1179 3536; x_wconf 75' lang='lat' dir='ltr'>uenio</span> 
     </span>
     <span class='ocr_line' id='line_1_22' title="bbox 152 3559 1183 3702; baseline -0.005 -37"><span class='ocrx_word' id='word_1_115' title='bbox 152 3568 274 3684; x_wconf 86' lang='lat' dir='ltr'>fore,</span> <span class='ocrx_word' id='word_1_116' title='bbox 295 3594 343 3664; x_wconf 89' lang='lat' dir='ltr'>ut</span> <span class='ocrx_word' id='word_1_117' title='bbox 370 3563 471 3662; x_wconf 88' lang='lat' dir='ltr'>huic</span> <span class='ocrx_word' id='word_1_118' title='bbox 490 3560 799 3698; x_wconf 86' lang='lat' dir='ltr'>qualicumque</span> <span class='ocrx_word' id='word_1_119' title='bbox 822 3562 946 3693; x_wconf 87' lang='lat' dir='ltr'>operi</span> <span class='ocrx_word' id='word_1_120' title='bbox 967 3559 1183 3702; x_wconf 83' lang='lat' dir='ltr'>Vestrum</span> 
     </span>
     <span class='ocr_line' id='line_1_23' title="bbox 139 3714 1178 3852; baseline -0.004 -36"><span class='ocrx_word' id='word_1_121' title='bbox 139 3749 247 3816; x_wconf 94' lang='lat' dir='ltr'>non</span> <span class='ocrx_word' id='word_1_122' title='bbox 286 3715 539 3852; x_wconf 86' lang='lat' dir='ltr'>denegaturi</span> <span class='ocrx_word' id='word_1_123' title='bbox 578 3714 668 3818; x_wconf 77' lang='lat' dir='ltr'>sitis</span> <span class='ocrx_word' id='word_1_124' title='bbox 710 3715 1040 3832; x_wconf 84' lang='lat' dir='ltr'>Patrocinium,</span> <span class='ocrx_word' id='word_1_125' title='bbox 1085 3748 1178 3852; x_wconf 86' lang='lat' dir='ltr'>quo</span> 
     </span>
    </p>
   </div>
   <div class='ocr_carea' id='block_1_3' title="bbox 148 3868 1179 4015">
    <p class='ocr_par' dir='ltr' id='par_1_3' title="bbox 148 3868 1179 4015">
     <span class='ocr_line' id='line_1_24' title="bbox 148 3868 1179 4015; baseline -0.006 -37"><span class='ocrx_word' id='word_1_126' title='bbox 148 3868 350 3978; x_wconf 78' lang='lat' dir='ltr'>adversm</span> <span class='ocrx_word' id='word_1_127' title='bbox 381 3875 584 4015; x_wconf 90' lang='lat' dir='ltr'>iniquum</span> <span class='ocrx_word' id='word_1_128' title='bbox 626 3876 814 3980; x_wconf 87' lang='lat' dir='ltr'>aliorum</span> <span class='ocrx_word' id='word_1_129' title='bbox 844 3872 1051 4013; x_wconf 85' lang='lat' dir='ltr'>judicium</span> <span class='ocrx_word' id='word_1_130' title='bbox 1068 3871 1179 4010; x_wconf 22' lang='lat' dir='ltr'>&#39;satis</span> 
     </span>
    </p>
   </div>
   <div class='ocr_carea' id='block_1_4' title="bbox 704 4025 1187 4171">
    <p class='ocr_par' dir='ltr' id='par_1_4' title="bbox 704 4025 1187 4171">
     <span class='ocr_line' id='line_1_25' title="bbox 704 4025 1187 4171; baseline -0.008 -45"><span class='ocrx_word' id='word_1_131' title='bbox 704 4025 733 4171; x_wconf 77' lang='lat'>†</span> <span class='ocrx_word' id='word_1_132' title='bbox 769 4056 795 4160; x_wconf 81' lang='lat'>3</span> <span class='ocrx_word' id='word_1_133' title='bbox 1086 4049 1187 4126; x_wconf 86' lang='lat' dir='ltr'>tnu-</span> 
     </span>
    </p>
   </div>
   <div class='ocr_carea' id='block_1_5' title="bbox 0 0 1464 4590">
    <p class='ocr_par' dir='ltr' id='par_1_5' title="bbox 0 0 1464 4590">
     <span class='ocr_line' id='line_1_26' title="bbox 0 0 1464 4590; baseline 0 5"><span class='ocrx_word' id='word_1_134' title='bbox 0 0 1464 4590; x_wconf 95' lang='lat' dir='ltr'> </span> 
     </span>
    </p>
   </div>
  </div>
 </body>
</html>
