2908 4576
303 307 448 390 bittit
539 271 755 383 inne
790 278 1101 387 unito.

307 463 447 560 hiantis
469 479 629 550 conatut
661 453 904 570 obprimendi
923 449 1044 548 cauffu
1073 463 1333 558 Cincinnatuu'

305 579 485 662 Dictator
503 577 626 678 dicius
643 597 747 677 erat,
775 573 994 686 aMagistto
1009 581 1183 685 equitum
1197 582 1332 669 uicta-

303 693 399 774 toris
428 685 519 794 juiiu
553 703 733 792 vocatum·
760 707 803 770 ut
830 683 992 772 cauffatn·
1019 690 1184 798 diceret,-
1211 696 1330 808 turgia

305 803 515 885 versabatur
534 799 711 907 quidem,
741 797 966 912 fugiensque
983 797 1097 886 fidem
1113 804 1232 910 piebis
1244 807 1327 892 Ro⁴

304 933 442 998 manae
461 913 698 1017 inplorabat,
725 929 767 996 ut
793 935 907 1018 opem
935 907 1000 997 sibi
1027 915 1165 1000 ultimo
1193 916 1235 998 in
1263 915 1325 1001 di-

302 1027 471 1111 fcrimine
499 1021 667 1125 ferrent,
705 1037 803 1108 neve
832 1039 921 1106 ante
943 1028 1077 1110 ocuion
1104 1025 1190 1112 finos
1210 1029 1324 1114 truria

302 1139 383 1222 dari
409 1134 598 1243 sinerent3·
636 1161 719 1218 non
746 1161 838 1240 vero
867 1133 1079 1222 Dictatons
1105 1139 1325 1248 usurpatum

302 1259 361 1358 jus
392 1251 610 1347 incusabata
645 1267 709 1332 aut
739 1245 935 1358 ad'iegetu
967 1245 1016 1332 de
1045 1253 1324 1357 provocatione

301 1358 579 1474 confugiebat,
612 1358 674 1444 sed
700 1359 918 1468 seobptitni
950 1361 1196 1448 Patriciot'um
1228 1389 1323 1452 eona

303 1477 431 1577 teniat,
460 1471 564 1580 quod
583 1473 684 1580 plebi
703 1473 868 1584 benigue
887 1467 1048 1574 fecisset,
1076 1475 1323 1582 querebatur,-

303 1611 466 1692 cumque
485 1614 507 1667 a
523 1587 688 1670 Servilio·
701 1581 848 1686 Anaia,
868 1583 974 1692 quod
990 1585 1094 1670 dicio
1109 1589 1145 1672 ei
1161 1587 1325 1674 audiens

303 1696 514 1798 nunciet,
542 1696 853 1800 obtruncaretur,
874 1721 956 1782 non
969 1697 1203 1786 Diiiatorent
1214 1701 1323 1786 uuae:

303 1810 395 1893 iiurn
426 1818 505 1916 jure
535 1809 679 1892 caesum
718 1808 1039 1916 pronunciantem
1072 1811 1115 1894 bc
1143 1814 1323 1898 evincens

302 1939 410 2024 tent,
437 1921 497 2023 [ed
525 1921 752 2033 Magistrum
770 1922 938 2028 equiturn
961 1919 1063 2032 apud
1083 1923 1230 2036 piebem
1249 1927 1323 2010 cri*

302 2037 546 2120 minabantur
566 2033 732 2117 Tribuni
760 2033 895 2139 piebis.
952 2037 1026 2137 Et,
1053 2029 1081 2120 ii
1115 2061 1324 2144 umquama

220 2156 224 2164 '
303 2165 406 2232 cette
436 2150 477 2230 in
503 2143 606 2228 facio
631 2145 680 2228 ab
709 2145 863 2230 aubiote
883 2167 1119 2250 memorato,-
1147 2151 1264 2259 iugis,
1293 2144 1323 2232 si

304 2279 379 2365 qua
405 2255 455 2341 ad
480 2255 716 2342 Dictaturam
744 2254 995 2366 pertinuiffet,
1022 2260 1169 2343 tuentio
1194 2257 1326 2363 fieret,-

295 2367 449 2454 naceiie
482 2389 572 2454 erat.
631 2367 734 2452 Fabii
763 2387 894 2478 putet,
921 2371 984 2479 qui
1007 2366 1081 2478 ipse
1107 2389 1164 2454 tet
1189 2373 1322 2456 consui

302 2483 449 2581 iuerat,
474 2480 518 2564 &³
547 2478 744 2579 Dictator,
771 2479 799 2565 it
827 2483 911 2592 quia
939 2485 1058 2584 ulios,
1084 2481 1192 2588 buj‘us
1214 2485 1268 2568 tei
1288 2485 1322 2564 i·-

303 2619 446 2709 gnarus
466 2593 538 2678 eise
568 2615 650 2676 non
678 2613 849 2699 poterat,
878 2596 917 2676 in
944 2596 1090 2680 summo
1111 2597 1231 2678 ammi
1250 2621 1322 2678 an-·

302 2735 399 2822 gore
415 2725 617 2815 provocat,
630 2745 634 2755 ·
646 2706 708 2790 sed
726 2707 992 2816 provocationi
1010 2731 1091 2792 uon
1110 2704 1323 2794 cuderePas

301 2823 442 2932 pitium
472 2817 625 2916 videns,
653 2843 739 2904 notr
765 2821 938 2904 meminit
961 2820 1079 2932 legia,¹
1106 2818 1321 2928 quodum

300 2935 471 3018 maxime
487 2929 746 3036 conduxiffet,
775 2957 851 3038 qua
868 2929 946 3016 fine
966 2937 1239 3039 provocatione
1249 2932 1321 3015 Di·-

301 3047 465 3131 uiatores
493 3041 568 3130 diei
598 3048 827 3152 coeperint,
863 3041 926 3128 sed
961 3043 1097 3127 dolent
1128 3043 1321 3130 Dictatoti

301 3169 359 3269 pus
383 3155 476 3260 effe,-
504 3183 582 3266 quo
598 3157 861 3263 provocationi
881 3175 961 3239 nun
980 3153 1152 3257 cederet,
1178 3158 1239 3242 cui
1257 3159 1321 3240 vei

302 3301 370 3357 tex
401 3273 540 3354 Tullus
568 3265 781 3364 Hostilius,
822 3267 926 3352 unde
952 3266 1076 3352 forsan
1107 3264 1322 3381 Dionyfiuu

299 3384 540 3471 Dictaturam
560 3380 697 3492 {ffatim
711 3377 853 3498 μείζονα
868 3381 1043 3479 &nutui
1060 3381 1232 3497 χέμιιπι
1250 3407 1321 3500 ιο-

303 3519 389 3595 cat,
417 3495 588 3590 cauerat,
617 3521 703 3576 cum
725 3493 805 3576 filro
823 3493 1025 3598 procubuit
1046 3509 1095 3580 ad
1109 3493 1322 3579 Dicinotis

303 3619 455 3721 genua,
483 3607 526 3690 ua·
544 3608 635 3690 itanu
660 3607 757 3689 iilius
780 3604 1002 3714 deprecatus
1019 3603 1082 3688 est.
1146 3605 1227 3714 ipse
1247 3607 1320 3692 Po·

302 3725 439 3832 pratum
466 3721 552 3826 qui,
582 3719 668 3824 quia
688 3715 856 3823 iotiejm
874 3715 1021 3811 fuiffet,
1049 3713 1075 3800 fi
1094 3721 1325 3826 provocatio

302 3861 326 3915 a
347 3829 544 3914 Dictatore
560 3828 734 3928 (interut,
763 3829 915 3936 Papirio
935 3823 1096 3914 resistere
1115 3827 1323 3932 debuiffet·;

305 3971 409 4032 nunc
427 3963 555 4030 tatuen
573 3942 625 4032 ad
652 3969 780 4054 precer
799 3941 1027 4042 conversus,
1055 3945 1222 4030 Tribuni
1241 3944 1322 4136 ppo

396 4063 401 4114 ἲ
982 4063 987 4072 ’
1290 4077 1328 4138 ru
