2918 4590
412 243 1092 340 gnontcartomns

259 401 345 486 llle,
370 394 468 488 cuius
484 394 521 470 in
540 417 663 469 omnes
678 393 886 490 imperium,
910 396 1118 492 Imperator.
1154 397 1287 475 Eorum

211 557 217 566 .
257 493 331 594 jam
352 491 571 578 Triofuere,
598 492 794 570 laborat&
820 493 951 570 virest
977 497 1160 602 Quartum.
1200 499 1288 575 Exi·

259 617 330 691 gua
348 594 441 666 enim
458 594 532 690 ejus
548 590 585 666 dt
602 615 726 667 manca
746 595 848 688 plan'e
864 591 1031 692 vestigia,
1057 617 1128 668 non
1145 595 1206 669 ubi
1223 621 1285 672 ua-

261 713 358 782 tum,
383 691 496 764 sedin
520 693 635 766 alieno
651 689 745 779 solo,
768 693 804 764 in
820 696 933 768 aliena
954 711 1079 790 gente,
1105 691 1143 768 ἃ
1167 695 1214 791 (o
1229 719 1285 770 re·

260 813 338 864 rum
357 787 649 886 viciffitudinesl)
675 812 737 879 ea,
762 813 851 887 quae
873 790 1021 864 exitium
1044 793 1095 867 illi
1117 789 1154 865 dt
1177 794 1286 866 iuter·

259 889 477 973 necionem,
502 911 573 961 non
600 888 727 974 semel,
753 891 898 964 minata.
950 891 1101 986 Singulis
1123 891 1172 965 sui
1194 891 1287 965 Scri·

259 1007 380 1083 ptores
401 985 439 1060 dt
455 987 650 1059 Praeconer
667 1003 1008 1061 commemorantur:
1035 986 1202 1063 Primo&
1222 991 1285 1063 Se·

260 1081 396 1174 cundo,
422 1079 568 1178 sulpetli
593 1084 759 1170 omnino;
787 1076 942 1173 Tertio,
967 1107 1039 1159 non
1069 1089 1201 1185 absque
1232 1086 1284 1161 fa·

256 1184 347 1260 bulis
363 1183 401 1257 ἃ
416 1183 625 1269 mendaci03
649 1180 785 1284 Quarto
801 1207 905 1270 vero,
927 1207 997 1283 quo
1013 1189 1221 1260 remotiores
1241 1189 1285 1260 ab

258 1285 336 1380 ejus
364 1279 610 1366 incunabulis,
647 1301 692 1354 eo
719 1281 863 1356 veritati
886 1280 931 1365 ,ἃ
966 1284 977 1356 i
1006 1281 1030 1354 st
1062 1284 1114 1357 rei
1146 1285 1286 1381 propio·

257 1403 326 1456 res.
384 1380 516 1456 Eorum
541 1377 681 1476 quidam
706 1381 809 1473 plene
839 1404 893 1456 res
919 1404 964 1478 ge
996 1382 1286 1477 rescripserunt:

259 1478 418 1552 nonnulli
454 1478 663 1550 summatim.
718 1479 857 1552 Horum
887 1480 1041 1553 Annales
1072 1482 1175 1566 sunt,
1207 1481 1287 1551 illo·

258 1599 337 1652 rum
362 1573 519 1649 Historia
540 1577 680 1652 dicitur.
730 1575 820 1653 Non
842 1577 1035 1670 postremus
1057 1578 1093 1651 in
1115 1575 1288 1649 Posterio-

259 1695 338 1747 rum
374 1671 478 1747 cluffe
506 1674 565 1748 ltic
591 1673 758 1763 Audlot3
795 1679 854 1774 qui
884 1699 972 1772 quac
1002 1677 1148 1774 populus
1177 1677 1285 1748 Rom.

260 1795 372 1848 annos
397 1773 498 1860 elac,
522 1771 635 1870 &qui
654 1796 870 1866 excurrunt,
896 1777 1068 1872 patravit,
1097 1793 1194 1847 tanta
1213 1775 1285 1846 col·

200 1903 203 1911 ·
258 1872 349 1968 legit
370 1871 565 1961 brevitate,
592 1893 631 1948 ut
650 1871 736 1946 nihil
757 1871 833 1948 fere
849 1873 885 1948 in
902 1873 975 1970 ejus
994 1873 1178 1968 imperium
1199 1873 1288 1946 inci-

257 1967 373 2063 derit,
398 1969 491 2066 quod
508 1967 578 2050 non
591 1971 758 2070 diligenti
773 1971 904 2046 auctori
913 2025 927 2064 ,
942 1973 1061 2046 laltem
1080 1975 1189 2046 tribus
1204 1995 1285 2044 ver·

259 2070 336 2157 bis,
361 2090 532 2144 notatum.
573 2073 610 2143 Si
632 2073 754 2165 quain
776 2072 936 2168 legendis
950 2071 1100 2144 historiis
1118 2069 1286 2142 utendum

261 2169 448 2241 methodo:
478 2186 575 2238 certe
592 2168 652 2240 hic
668 2167 813 2263 scriptor
836 2190 906 2240 non
928 2167 1286 2261 praetermittendus,

261 2266 322 2340 sed
341 2265 636 2358 praemittendus:
663 2265 766 2337 nimis
782 2265 877 2338 enim
895 2261 1068 2338 succinua
1092 2263 1178 2336 milri
1204 2267 1285 2336 Sex.

261 2361 346 2443 Rufi
369 2361 536 2457 epitome.
589 2362 739 2456 Regiam
764 2362 820 2434 hic
839 2360 956 2435 noster
974 2360 1011 2436 δι
1034 2381 1167 2433 certam
1192 2363 1286 2436 viam

261 2461 383 2540 sternit
401 2457 443 2533 ad
461 2483 542 2556 eos,
568 2463 628 2557 qui
644 2457 779 2534 fussoris
800 2459 836 2534 dt
859 2461 998 2535 heroici,
1009 2458 1088 2534 stili.
1121 2460 1208 2534 Non
1225 2459 1285 2532 lta-

259 2559 394 2634 bendus
412 2556 512 2646 sane,
536 2583 604 2656 quo
622 2558 827 2652 quibusdam
843 2559 914 2647 esl,
941 2559 1039 2642 loco,
1066 2557 1104 2633 dt
1120 2577 1284 2653 tanquam

260 2679 383 2755 parum
404 2656 563 2729 Latinus.
616 2658 700 2730 Hoc
718 2657 807 2730 illius
826 2680 895 2730 nou
918 2657 1086 2755 ingenio,
1112 2656 1168 2730 sed
1193 2680 1286 2729 aeuo

260 2755 530 2849 imputandum3
555 2777 624 2850 quo
650 2755 701 2828 illi
725 2757 847 2830 Latiae
869 2757 1006 2853 linguae
1027 2757 1200 2830 cadebant
1217 2753 1283 2828 flo-

261 2877 343 2928 res:
376 2855 453 2926 illos
474 2877 543 2950 ego
570 2877 639 2928 non
670 2855 864 2947 promiscue
897 2855 990 2950 apud
1020 2878 1142 2929 omnes
1165 2877 1282 2946 carpo.

262 2953 459 3047 Scriptores
477 2952 563 3026 milri
582 2951 658 3026 sunt
675 2955 710 3027 in
727 2955 891 3028 nonnullo
909 2953 1119 3028 discrimine.
1147 2956 1186 3027 ln
1197 2975 1284 3046 pau·

261 3053 313 3124 cis
329 3052 439 3122 Rem:
468 3049 502 3124 io
523 3053 693 3147 plerisque
712 3053 803 3126 Rem
826 3049 863 3124 ἃ
888 3053 1010 3125 Verba
1024 3069 1130 3124 noto:
1160 3069 1196 3122 ut
1219 3053 1284 3123 hos

261 3149 419 3244 recipio;
447 3147 492 3220 lrc
507 3149 582 3222 illos
600 3173 669 3222 nun
689 3152 829 3245 rejicio:
857 3172 901 3223 ert
916 3151 976 3223 illo
999 3147 1157 3241 Eutropii
1178 3171 1284 3222 anna·

262 3247 333 3332 les:
360 3269 405 3318 ert
425 3249 493 3319 lroc
521 3248 645 3319 ordine
668 3249 824 3322 Suetonii
851 3248 1034 3335 Caesares,
1059 3269 1131 3318 non
1155 3247 1286 3340 absque

263 3346 409 3441 praevio
433 3343 601 3431 consalin,
622 3346 745 3434 vobis,
772 3347 910 3440 partitis
932 3347 1080 3431 diebus,
1107 3345 1285 3440 explican-

264 3443 348 3529 dos,
373 3441 411 3516 ἃ
430 3445 516 3516 meis
532 3443 667 3534 verbis,
691 3467 856 3539 quantum
881 3444 1015 3544 potest,
1036 3441 1212 3538 juvandos
1235 3447 1286 3517 se·

265 3541 347 3634 legi.
373 3541 519 3613 Secutus
537 3539 608 3614 sum
624 3541 819 3617 editionem
840 3546 890 3617 Cl.
909 3544 996 3630 viri,
1012 3543 1159 3616 Antonii
1176 3543 1285 3614 Scltu·

265 3636 386 3724 nuvii,
412 3663 501 3734 quae
523 3640 582 3712 ubi
606 3641 650 3714 ab
674 3641 820 3719 Henrici
847 3641 1031 3731 Glareani,
1056 3641 1154 3714 Eltae
1173 3641 1285 3714 Vine-

263 3737 314 3820 ti‚
339 3735 432 3806 Frid.
450 3739 645 3833 Sylbotgii,
670 3735 709 3812 ἃ
731 3738 994 3835 manuscripto,
1028 3739 1086 3837 qui
1113 3739 1204 3834 apud
1228 3763 1286 3813 me

265 3835 311 3910 ab
334 3833 559 3932 eruditiffimo
580 3840 675 3926 viro,
701 3839 825 3914 Franc.
845 3837 1005 3926 Nanfio,
1031 3839 1199 3923 discedit:
1223 3859 1288 3911 no·

265 3933 365 4016 tabo.
416 3931 520 4014 Niltil
538 3937 692 4030 mutavi,
719 3936 783 4014 trist
808 3937 901 4039 quod
927 3935 1150 4016 neceffariam
1170 3954 1287 4050 muta-

338 4077 340 4082 ·
1152 4051 1288 4112 tionem
